2231 3937
466 205 965 266 RESTlACEAE
1006 220 1190 262 ENDL.
1238 189 1536 280 (noma.)
1853 210 1970 269 457

69 373 183 405 mus
222 359 450 417 erectus,
506 357 835 420 1-2-pedalis,
892 355 1123 402 crassitie
1166 373 1360 419 pennae
1407 355 1669 402 anserinae
1708 358 1972 421 tenuioris,

33 433 225 487 'teres,
271 426 502 487 striatus,
553 428 763 485 farctus,
809 425 1015 483 firmus,
1064 425 1404 484 dichotomus,
1454 426 1646 472 divisus
1696 426 1744 471 in
1802 443 1969 476 ramos

70 493 244 561 plures
297 499 494 544 erectos
534 496 837 556 fastigiatos.
922 492 1151 556 Vaginae
1192 495 1391 556 breves,
1428 495 1695 557 oblongae,
1727 495 1839 542 basi
1872 514 1976 543 am-

68 566 396 631 plexicanles,
435 567 707 622 coriaceae,
735 564 1098 625 suscescentcs,
1129 567 1270 627 apice
1308 565 1975 630 patulae,membranaceae,

70 637 385 682 acuminatae
408 640 457 682 et
483 637 584 681 sere
621 634 878 693 aristatae,
926 635 1079 680 dorso
1115 635 1611 697 fusco-purpureae,
1650 637 1875 696 margine
1907 637 1980 683 al-

67 705 178 757 bae.
254 705 637 752 Inssorescentia
673 704 949 750 masculina
985 704 1114 764 alba,
1155 705 1234 749 vix
1284 703 1562 767 pollicaris,
1600 705 1837 765 oblonga,
1884 706 1975 753 ob-

51 775 218 836 'tusa,
265 772 892 836 racemoso-composita,
947 774 1131 833 densa,
1182 773 1294 819 basi
1349 776 1480 818 tecta
1534 774 1712 834 vagina
1766 774 1974 824 culmeis

69 845 222 891 simili
260 845 482 891 decidua.
549 841 799 890 Racemus
853 844 1190 906 compositus,
1237 843 1299 887 ad
1348 842 1737 890 ramificationcs
1777 846 1974 907 spathis

67 916 233 977 longis
270 912 563 978 patentibus
613 914 1007 960 membranaceis
1041 912 1164 957 rufis
1218 910 1459 957 mollibus
1514 913 1804 972 distinctus,
1853 932 1975 978 qua-

66 1002 179 1031 rum
214 984 479 1030 inferiores
522 983 1056 1042 lineari-lanceolatae,
1091 984 1386 1044 superiores
1424 981 1642 1028 lineares
1678 983 1753 1029 vel
1775 984 1975 1032 lineari-

65 1054 351 1114 subulatae,
387 1070 561 1101 omnes
599 1062 767 1100 autem
817 1052 1156 1100 acutissimae.
1222 1051 1451 1098 ,Rhachis
1504 1054 1787 1099 communis
1839 1072 1975 1102 com-

64 1142 261 1188 pressa,
301 1122 544 1171 flexuosa.
612 1121 758 1169 Rami
796 1122 1064 1168 inferiores
1101 1122 1281 1167 lineam
1331 1122 1490 1182 longi,
1526 1124 1820 1186 superiores
1862 1125 1977 1173 bre-

64 1195 276 1242 vissimi.
341 1193 522 1239 Flores
554 1194 755 1252 minuti,
794 1191 1041 1255 pedicello
1095 1190 1236 1237 brevi
1278 1192 1455 1253 gracili
1497 1194 1640 1256 apice
1688 1194 1973 1244 incrassato

64 1265 352 1310 rufescente
389 1264 567 1309 inserti
610 1263 961 1326 spatliellaque
1000 1262 1239 1308 instructi
1291 1263 1532 1321 filisormi,
1586 1263 1765 1309 florem
1816 1266 1972 1330 duplo

64 1337 355 1397 superante,
392 1334 442 1379 in
486 1333 883 1397 basi'pedicelli,
923 1348 1143 1395 quocum
1185 1331 1381 1393 defluit,
1425 1334 1537 1381 sita.
1597 1331 1779 1395 Sepala
1824 1336 1872 1394 6,
1917 1336 1974 1381 li-

61 1403 511 1464 neari—siliformia,
559 1404 876 1463 tenuissima,
932 1402 1158 1463 flaccida,
1209 1402 1605 1464 torqucscentia,
1649 1403 1974 1464 rufescentia,

63 1473 372 1520 staminibus>
420 1475 525 1520 fere
573 1474 730 1537 duplo
779 1474 1031 1535 longiora,
1088 1472 1316 1517 nonnihil
1361 1472 1676 1538 inaequalia,
1720 1474 1974 1520 exteriora

64 1543 326 1603 breviora,
377 1561 489 1589 cum
541 1542 844 1590 staminibus
892 1542 1210 1588 alternantia.
1286 1539 1514 1586 Stamina
1560 1542 1607 1590 3.
1696 1540 1975 1590 Filamenta

60 1613 253 1674 brevia,
289 1615 512 1664 incurva.
579 1613 837 1659 Antherae
873 1613 1068 1658 ratione
1110 1610 1252 1656 floris
1305 1628 1515 1672 magnae
1549 1613 1675 1674 (quo
1713 1612 1769 1657 fit
1804 1618 1861 1658 ut
1894 1631 1972 1660 ra-

62 1700 235 1730 cemus
271 1684 529 1730 masculus
568 1687 709 1730 totus
747 1699 806 1728 cx
845 1681 1067 1727 antheris
1104 1680 1413 1727 intermixtis
1454 1681 1634 1728 setulis
1673 1683 1974 1746 spathisque

60 1753 295 1816 pluribus
351 1754 639 1816 praelongis
685 1755 921 1798 constare
978 1751 1254 1812 videatur),
1315 1755 1511 1812 ovatae,
1563 1758 1769 1813 acutae,
1818 1770 1974 1816 supra

61 1822 222 1869 basim
262 1824 516 1869 filamento
551 1823 791 1886 insertae,
830 1821 1258 1878 membranaceae,
1295 1821 1712 1883 ruso-brunneae,
1749 1824 1974 1883 margine

59 1893 293 1956 pallidae,
331 1893 693 1952 uniloculares,
731 1893 858 1938 rima
895 1908 995 1936 una
1039 1891 1322 1936 introrsum
1375 1892 1708 1942 dehiscentes.
1798 1890 1974 1939 Variat

57 1963 212 2009 ramis
252 1963 450 2026 aliquot
490 1963 642 2008 culmi
679 1960 1017 2020 brevioribus,
1069 1960 1223 2005 deuse
1273 1961 1539 2021 vaginatis,
1594 1961 1974 2009 strobiliformi-

61 2028 201 2079 bus:'
238 2035 432 2094 vaginis
492 2034 781 2078 structurae
842 2031 1154 2090 communis,
1207 2031 1255 2076 in
1308 2031 1462 2094 spiris
1514 2033 1799 2096 dispositis.
1838 2031 1972 2079 Nees

60 2101 122 2149 ab
154 2101 348 2150 Esenb.
427 2100 572 2148 Conf.
610 2099 691 2149 W.
736 2102 962 2148 striatae.

889 2237 1145 2288 DOVEA.

47 2406 49 2408 ,
199 2351 388 2404 Flores
430 2351 631 2414 dioeci,
670 2348 901 2400 masculi
932 2388 942 2398 .
971 2386 1016 2400 ..
1050 2367 1092 2410 ,ς
1143 2346 1358 2399 feminei
1411 2348 1722 2416 segregati:
1797 2348 1973 2413 Calyx

60 2433 391 2503 6-sepalus,
460 2432 580 2484 basi
633 2428 850 2498 saepius
910 2427 1450 2496 2-pluribracteatus
1500 2428 1580 2492 ⁴4),
1636 2428 1969 2496 persistens3

59 2679 323 2721 purpureae,
356 2666 773 2721 griseo-irroratae,
814 2668 1013 2723 margine
1054 2668 1439 2716 membranaceae,
1475 2663 1548 2705 vel
1593 2677 1747 2705 omnes
1793 2665 1972 2708 steriles

61 2728 106 2764 et
144 2731 233 2763 tum
269 2734 374 2763 vero
408 2723 705 2764 terminalium
736 2723 906 2777 aliquot
935 2725 1226 2780 probabiliter
1258 2722 1448 2772 fertiles,
1469 2733 1581 2774 quae
1595 2719 1688 2774 jam
1707 2734 1806 2762 cum
1827 2722 1974 2764 fructu

59 2779 104 2818 in
135 2779 304 2820 nostris
339 2778 557 2831 cecidere,
585 2779 659 2821 vel
691 2780 932 2821 inferiores
975 2794 1031 2821 ex
1073 2781 1221 2821 axillis
1252 2777 1800 2835 prolifero-spiculigerae.
1873 2778 1972 2834 Spi-

62 2847 142 2876 cae
181 2835 391 2877 laterales
435 2836 653 2888 alternae,
697 2837 928 2878 solitariae
971 2838 1042 2879 vel
1085 2837 1311 2893 geminae,
1353 2835 1536 2875 bractea
1571 2834 1703 2875 fusca
1746 2834 1973 2888 suffultae,

61 2892 292 2933 breviores
325 2905 454 2946 quam
488 2893 614 2948 spica
641 2894 903 2946 terminalis,
939 2904 1128 2947 ovatae,
1161 2892 1356 2947 squamis
1405 2892 1846 2944 ovato—acuminatis,
1877 2905 1974 2934 cre-

61 2949 182 2989 brius
200 2949 422 3000 irroratiS,
440 2950 880 3004 squarroso-patulis,
917 2951 1131 3006 spiculam
1161 2955 1460 2990 monstrosam
1486 2947 1764 2989 imbricatam
1788 2963 1974 3003 squama

62 3005 312 3047 breviorem
352 3006 538 3062 singulis
572 3007 792 3062 singulam
822 3007 867 3047 in
897 3008 1046 3048 axillis
1079 3007 1351 3063 gerentibus.
1426 3004 1634 3060 Spiculae
1664 3005 1749 3046 hae
1795 3006 1972 3062 subglo-

62 3061 218 3114 bosae,
251 3063 694 3118 compressiusculae,
728 3079 751 3105 e
783 3064 932 3105 multis
963 3072 1178 3105 constans
1225 3061 1422 3116 squamis
1466 3061 1669 3102 ovalibus
1701 3061 1973 3119 oblongisve,

62 3119 204 3175 magis
234 3119 438 3160 minusve
472 3120 752 3168 acuminatis,
790 3121 1020 3172 concavis,
1061 3117 1553 3169 membranaceo-albis,
1593 3119 1832 3159 confertim
1874 3132 1974 3175 pur-

62 3177 577 3229 pureo-fusco-irroratis
612 3177 941 3231 lineolatisque‚
977 3177 1114 3218 dense
1145 3174 1408 3225 imbricatis,
1444 3174 1571 3228 quasi
1599 3187 1676 3230 per
1715 3174 1842 3216 lobos
1883 3176 1971 3231 spi-

67 3231 192 3272 culae
237 3233 500 3289 segregatis,
538 3233 582 3274 in
634 3233 783 3274 axillis
824 3233 954 3274 nudis
993 3234 1064 3275 vel
1108 3232 1369 3287 quandoque
1414 3231 1719 3286 processulum
1756 3231 1974 3273 linearem

67 3292 313 3330 truncatum
351 3303 375 3329 e
411 3290 510 3331 sinu
539 3290 878 3343 exserentibus,
916 3303 1097 3345 quarum
1128 3288 1457 3343 squamularum
1490 3288 1731 3329 interiores
1761 3302 1841 3344 per
1874 3302 1973 3345 gra-

70 3342 150 3384 dus
181 3346 461 3401 angustiores
498 3353 542 3388 et
577 3352 698 3388 totae
724 3346 933 3402 pallidae,
962 3347 1006 3387 in
1042 3345 1300 3387 terminales
1335 3343 1504 3398 aliquot
1547 3344 1663 3398 (5-7)
1706 3345 1975 3386 lineari-fili-

66 3401 233 3440 formes
272 3401 567 3458 obtusasque,
628 3404 858 3445 filamenta
910 3408 1110 3444 castrata
1151 3401 1446 3452 mentientes,
1489 3398 1676 3455 (lenique
1722 3406 1974 3444 transeunt.

67 3455 305 3498 Caeterum
335 3464 486 3512 partes
529 3460 728 3515 spiculae
771 3458 990 3513 ejusmodi
1030 3461 1183 3499 omnes
1222 3456 1350 3500 valde
1389 3456 1664 3513 inaequales,
1710 3471 1853 3514 neque
1886 3457 1972 3498 dis-

65 3513 290 3568 positione
326 3527 410 3555 nee
462 3528 645 3558 numero
688 3522 955 3558 structuram
1001 3515 1191 3570 aliquam
1246 3512 1517 3570 regularem,
1564 3528 1650 3570 qua
1692 3515 1779 3558 iste
1828 3519 1973 3556 status

66 3570 299 3610 morbosus
333 3570 548 3626 explicari
576 3573 735 3628 possit,
771 3572 973 3629 produnt.
1012 3571 1135 3613 Nees
1166 3571 1221 3612 ab
1254 3570 1418 3612 Esenb.
1853 3589 1862 3596 κ

177 3646 217 3697 ⁰)
252 3644 409 3688 Potius
440 3646 524 3689 flos
555 3648 783 3692 solitarius
819 3650 864 3691 in
900 3649 1026 3705 apice
1058 3648 1211 3704 spicae
1248 3645 1612 3704 depauperata&
