2231 3937
466 191 969 282 RESTIACEAE
1013 206 1198 250 ENDL.
1258 191 1539 269 (Elegia)
1562 235 1565 237 -
1851 197 1974 256 465

60 339 487 388 submucronatae
524 344 812 389 rudimento
845 342 1076 389 foliaceo.
1136 340 1331 404 Vagina
1365 343 1516 389 medii
1553 342 1704 389 culmi
1738 360 1850 390 cum
1888 363 1973 393 ru-

60 412 283 458 dimento
318 411 530 459 foliaceo
580 412 745 461 simili.
810 409 1004 474 spatha
1048 414 1345 471 terminalis,
1400 413 1694 476 explicanda
1738 413 1788 458 in
1847 415 1972 462 alias

58 481 328 527 interiores
363 482 515 546 inque
541 498 769 528 racemos
792 482 1126 544 compositos.
1175 481 1268 529 His
1290 484 1551 530 addimus:
1589 482 1976 531 Intlorescentia

59 551 135 611 (in
188 553 420 614 exemplo
465 552 682 598 herbarii
725 548 1164 613 Willdenowiani)
1221 553 1561 615 bipollicaris,
1611 553 1976 616 spicato-pani-

60 620 244 680 culata,
282 622 477 684 spathis
516 619 869 667 communibus
921 621 1139 667 obtecta.
1238 621 1339 667 Hae
1385 623 1595 684 spathae
1652 622 1975 687 ovato-ellip-

57 690 201 750 ticae,
259 690 370 738 basi
405 691 801 753 amplectentes,
848 692 1214 750 acutiusculae,
1263 692 1538 752 coriaceae,
1599 691 1824 752 margine
1869 693 1976 755 api—

57 776 215 823 ceque
255 762 530 818 tenuiores,
565 777 658 805 nec
700 777 818 805 vero
857 761 1284 819 membranaceae,
1324 760 1557 806 obsolete
1580 764 1977 808 nervoso-stria-

58 832 155 891 tae,
196 830 530 877 subtilissime
568 830 915 892 punctulatae,
952 831 1143 890 fuscae,
1195 831 1336 892 apice
1387 829 1700 891 pallidiores,
1737 830 1975 876 fusco-ir-

56 903 270 950 roratae.
351 897 571 945 Rhachis
609 901 891 945 communis
944 916 1257 962 compressa,
1303 901 1519 958 undata,
1569 899 1742 945 laevis.
1829 898 1975 946 Rami

59 986 85 1014 e
121 970 350 1031 singulae
386 970 597 1032 spathae
636 970 714 1015 ala
752 969 941 1030 singuli
980 968 1055 1014 vel
1090 969 1294 1029 gemini,
1337 969 1519 1031 spatha
1568 970 1725 1031 duplo
1776 968 1975 1016 brevio-

56 1055 157 1099 res,
190 1040 383 1097 undati,
424 1039 533 1085 basi
569 1040 777 1098 ramosi,
817 1039 959 1101 apice
1008 1038 1302 1101 simplices,
1350 1039 1533 1084 ramuli
1584 1038 1769 1086 bitlori.
1858 1038 1974 1086 Flo-

55 1125 138 1156 res
187 1110 426 1168 sessiles,
479 1108 847 1172 approximati,
900 1125 1065 1170 neque
1111 1125 1231 1154 vero
1285 1110 1335 1154 in
1395 1109 1617 1171 spiculas
1671 1106 1973 1156 Restionum

55 1195 199 1225 more
237 1179 502 1225 distinctas
541 1179 790 1240 congesti,
833 1177 1146 1239 glomerulos
1197 1168 1360 1241 quasi,
1393 1179 1443 1224 in
1489 1178 1700 1225 ramulis
1737 1178 1972 1240 bissoros,

52 1249 186 1295 circa
218 1249 345 1295 rami
379 1248 574 1312 apicem
613 1265 733 1294 vero
783 1247 1056 1296 3-4-ssoros
1112 1251 1487 1294 construentes.
1563 1247 1824 1311 Spatliella
1877 1250 1973 1297 sub

55 1318 258 1379 singulo
298 1317 426 1364 flore
477 1317 798 1378 brevissima,
854 1321 1019 1379 ovata,
1070 1322 1234 1377 acuta,
1284 1318 1683 1374 membranacea,
1731 1319 1976 1365 dentisor-

57 1389 171 1439 mis.
242 1388 433 1451 Sepala
467 1388 692 1434 mascula
739 1388 992 1434 exteriora
1046 1387 1378 1434 interioribus
1428 1387 1714 1450 quadruplo
1760 1389 1974 1450 minora,

54 1457 535 1518 ovato-orbiculata,
573 1462 738 1517 acuta,
788 1457 1187 1516 membranacea,
1235 1458 1523 1515 uniner‘via3
1572 1457 1819 1502 interiora
1852 1457 1977 1503 obo-

53 1530 182 1588 vata,
216 1528 472 1588 firmiora,
510 1528 672 1574 basim
706 1545 884 1574 versus
923 1529 1150 1589 margine
1172 1527 1570 1586 membranacea,
1608 1526 1840 1573 obsoleto
1868 1529 1978 1574 uni-

55 1598 247 1657 nervia,
293 1598 650 1645 suscescentia.
745 1596 1004 1643 Anthcrae
1065 1597 1255 1656 fuscae,
1313 1596 1676 1657 uniloculares,
1727 1614 1971 1644 mucrone

48 1666 310 1731 limboque
347 1668 565 1714 suturali
598 1667 743 1713 albis.
832 1666 1039 1712 Femina
1090 1684 1190 1713 non
1244 1669 1324 1712 est
1373 1671 1511 1715 nota.
1602 1665 1785 1728 Quoad
1831 1667 1975 1715 floris

49 1740 362 1784 structuram
399 1739 629 1800 proxime
668 1737 862 1782 accedit
898 1734 1131 1782 Restioni
1167 1741 1486 1797 mucronato,
1532 1738 1620 1783 sed
1661 1737 1828 1783 differt
1872 1741 1976 1784 sta-

50 1810 167 1854 tura
206 1807 476 1868 teneriore,
516 1805 732 1853 floribus
769 1807 1051 1852 minoribus
1107 1806 1558 1870 paucioribusque,
1607 1807 1794 1870 sepalis
1847 1808 1976 1855 inte-

50 1876 276 1923 rioribus
336 1875 591 1936 obovatis,
639 1876 858 1926 obtusis.
937 1874 1089 1938 Quod
1136 1877 1196 1921 ad
1235 1878 1457 1939 speciem
1510 1878 1787 1935 externam,
1836 1894 1975 1925 sum-

47 1963 256 2010 mopere
305 1946 465 1992 refert
508 1944 806 1993 Restionem
862 1947 1228 2009 propinquum,
1275 1947 1362 1992 sed
1413 1945 1582 1992 differt
1627 1951 1831 2010 praeter
1872 1949 1976 1994 cul-

49 2033 187 2062 mum
220 2016 494 2062 uninodem
535 2016 696 2078 (quod
736 2012 923 2061 Neesio
969 2033 1067 2061 non
1109 2033 1202 2078 pro
1250 2020 1389 2061 certo
1423 2020 1732 2078 expertum),
1783 2018 1975 2079 praeci-

47 2103 149 2149 pue
182 2085 398 2132 ssoribus
454 2085 692 2131 masculis
744 2085 896 2148 paulo
953 2085 1236 2131 minoribus
1293 2086 1586 2149 sepalisque
1621 2087 1974 2134 .exte1·io1·ibus

50 2155 386 2202 interioribus
426 2156 487 2201 ad
527 2172 782 2201 summum
823 2155 1029 2202 dimidio
1079 2154 1418 2213 brevioribus,
1469 2155 1724 2212 oblongis,
1771 2155 1973 2203 obtusis

49 2224 167 2289 (nec
204 2223 622 2286 suborbiculatis,
650 2226 855 2284 acutis).
890 2222 1022 2271 Nees
1062 2224 1123 2270 ab
1157 2224 1351 2274 Esenb.
1393 2225 1425 2270 1.
1473 2241 1513 2270 c.
1586 2222 1812 2287 Elegiam
1850 2226 1973 2289 jun-

49 2312 188 2342 ceam
224 2298 372 2342 Limz.
410 2297 577 2341 Mant.
612 2295 726 2343 297.
768 2311 880 2340 cum
923 2292 1168 2341 Restione
1220 2294 1496 2355 thyrsifero
1543 2296 1711 2342 Rollb.
1759 2297 1974 2360 conjun-

47 2366 123 2427 git
158 2363 403 2411 Reichard
446 2361 607 2425 (Syst.
653 2365 811 2428 plant.
861 2365 906 2412 4.
957 2364 1100 2424 238.)
1153 2364 1249 2411 sub
1299 2364 1503 2410 nomine
1547 2361 1809 2411 Restionis
1861 2365 1974 2412 Ele—

47 2436 191 2497 giae,
228 2432 457 2481 Persoon
492 2431 736 2498 (Synops.
779 2435 826 2482 2.
853 2435 997 2494 607.)
1038 2437 1215 2481 contra
1248 2434 1345 2481 sub
1383 2434 1586 2479 nomine
1606 2432 1810 2496 Elegiae
1834 2436 1974 2496 thyr-

49 2504 250 2552 siserae.
323 2502 458 2566 Quid
504 2501 680 2567 Elegia
707 2504 899 2568 juncea
952 2508 1153 2552 Gaerin.
1185 2507 1355 2552 Fruct.
1395 2503 1443 2552 3.
1484 2510 1519 2550 t.
1565 2505 1679 2553 181.
1718 2505 1971 2551 fructibus

49 2574 477 2636 hexangularibus
494 2574 517 2619 ‘s‘

189 2646 236 2694 5.
313 2642 370 2690 Ε.
405 2657 753 2692 THYRSIFERA
789 2647 932 2691 Pers.
983 2648 1191 2708 Synops.
1242 2644 1287 2692 2.
1338 2644 1452 2691 607.
1502 2644 1638 2701 (excl.
1688 2645 1744 2692 E.
1787 2649 1972 2706 juncea

55 2711 269 2778 Thunb.)
342 2711 538 2760 Culmis
577 2713 915 2776 simplicibus,
954 2714 1223 2773 teretibus,
1262 2714 1466 2772 sciretis,
1498 2712 1692 2773 vaginis
1719 2715 1970 2776 deciduis3

48 2783 287 2848 panicula
321 2800 543 2843 ramosa,
575 2783 929 2846 spicaesormi3
977 2784 1131 2829 ramis
1179 2782 1585 2845 erecto-patulis,
1635 2783 1849 2845 singulis
1887 2803 1971 2831 va-

49 2854 167 2916 gina
202 2853 527 2916 spathisormi
565 2853 922 2916 aperto-plana
958 2852 1179 2913 oblonga
1220 2853 1522 2911 acuminata,
1559 2852 1713 2918 paulo
1737 2855 1971 2917 longiore

49 2923 306 2983 suffultis3
354 2922 559 2969 bractea
597 2920 870 2987 (mascula)
922 2921 1314 2982 suborbiculari,
1362 2922 1504 2985 apice
1543 2924 1844 2984 rotundam,
1894 2942 1972 2972 se-

49 2993 179 3057 palis
234 2994 475 3040 masculis
512 2992 733 3052 obtusis,
780 2992 1188 3051 navicularibus3
1227 2991 1559 3038 interioribus
1598 2991 1852 3055 oblongis,
1889 3011 1970 3041 ex-

49 3064 241 3110 teriora
274 3066 423 3110 ovata
456 3062 611 3127 duplo
658 3062 1047 3125 superantibus,
1091 3063 1314 3108 antheris
1360 3062 1603 3125 apicatis3
1653 3064 1842 3127 sepalis
1899 3064 1971 3110 fe-

50 3133 230 3179 mineis
265 3132 521 3196 oblongis,
559 3131 780 3194 obtusis,
820 3132 1389 3191 naviculari-concavis3
1437 3131 1779 3180 exterioribus
1815 3134 1969 3197 paulo

49 3201 390 3262 brevioribus,
432 3202 653 3265 glabris3
705 3202 878 3248 ovario
925 3202 1258 3258 unilocularig
1307 3200 1635 3262 stigmatibus
1688 3203 1736 3263 3,
1778 3205 1972 3251 sessili-

48 3270 166 3330 bus,
200 3273 472 3333 distinctis,
500 3272 771 3336 plumosis‚
793 3272 1090 3318 recurvatis.
1165 3270 1344 3318 Restio
1367 3274 1568 3317 erectus
1610 3274 1796 3323 Thunb.
1830 3276 1970 3321 Dtss.

48 3359 100 3405 p.
156 3341 234 3389 14.
279 3361 329 3389 η.
379 3343 456 3392 10.
492 3343 534 3403 *)
582 3344 666 3404 Ej
713 3343 872 3390 Procl.
919 3342 999 3392 15.
1053 3343 1130 3403 Ej.
1174 3343 1312 3390 Flor.
1361 3343 1486 3406 Gap.
1541 3340 1587 3389 1.
1639 3343 1722 3393 85.
1761 3347 1973 3409 Spreng.

166 3569 208 3624 ⁹)
239 3567 421 3613 Culmus
452 3572 653 3629 simplex,
684 3572 905 3629 aphylluS.
966 3571 1208 3615 paniculae
1240 3573 1458 3625 alternae,
1503 3570 1596 3625 324,
1639 3579 1832 3625 erectae,
1864 3572 1975 3614 effu-

50 3638 145 3670 sae.
209 3623 404 3669 Bractea
435 3628 481 3669 in
507 3629 606 3671 basi
635 3629 797 3687 singuli
827 3628 1064 3686 pedunculi
1094 3635 1140 3674 et
1157 3629 1367 3688 pedicelli
1406 3642 1680 3685 compressa,
1706 3629 1972 3683 lanceolata,

106 3690 549 3741 KUN'rn.'SYN01²S.
581 3694 662 3740 111.
1449 3687 1477 3755 [
1513 3688 1582 3738 30
1616 3686 1643 3754 ]
