2231 3937
211 215 331 272 408
629 213 1125 273 RESTIACEAE
1170 229 1351 272 ENDL.
1399 212 1674 288 (Restio.)

213 365 402 425 ternis,
452 365 658 424 crectis;
709 365 935 427 squamis
979 363 1392 412 albo-aristatis.
1441 365 1493 422 0⁷
1558 365 1689 412 Nees
1723 366 1781 413 ab
1823 367 1996 415 Esenb.
2042 393 2110 402 ——-

216 435 340 498 Cap.
375 434 425 481 b.
459 435 584 498 spei.
628 461 683 467 -·
727 432 894 480 Culmi
930 435 1105 497 plures
1141 451 1201 480 ex
1236 452 1338 481 uno
1383 434 1683 493 rhizomate,
1731 435 1883 482 dense
1917 436 2111 499 caespi-

213 507 334 564 tosi,
371 505 540 561 crecti,
577 503 781 566 pedales
817 504 1036 565 circiter,
1070 505 1302 551 crassitie
1339 520 1531 568 pennae
1576 504 1884 566 passerinae,
1920 506 2112 569 simpli-

215 575 423 632 cissimi,
466 574 658 620 modice
701 575 1001 637 compressi,
1040 573 1225 634 laeves,
1273 573 1694 636 fusco-punctati,
1743 576 1944 622 omnino
1994 592 2113 622 eno-

215 644 322 704 des,
353 643 464 690 basi
496 644 712 706 vaginis
742 644 895 691 ‹Iense
947 643 1228 690 imbricatis
1276 644 1491 706 aphyllis
1536 642 1905 690 obtusiusculis
1952 649 2114 692 casta-

216 715 326 760 neis
359 714 532 761 nitidis
571 714 761 772 vestiti,
800 717 1054 760 caeterum
1092 715 1226 763 nudi.
1296 712 1529 777 Spiculae
1566 715 1617 759 in
1655 713 1798 776 apice
1821 713 1974 759 culmi
1992 718 2116 776 tres,

219 785 631 847 approximatae,
689 785 940 843 alternae,
991 784 1231 845 sessiles,
1287 783 1457 829 rhachi
1506 783 1787 830 semitereti
1830 783 2117 847 impositae.

216 851 439 917 Spathae
490 871 792 902 communes
829 855 1154 914 lanceolatae,
1202 854 1787 912 setaceo-acumiuatae,
1833 852 1943 901 basi
1984 854 2118 915 vagi-

217 928 416 984 nantes,
453 925 607 971 dorso
644 925 1007 985 fuscescentes,
1047 923 1357 984 chartaceae,
1388 924 1614 985 margine
1644 922 2010 970 flavescentesz
2044 924 2119 969 in-

218 992 375 1039 ferior
406 994 602 1057 spicula
638 1011 731 1040 sua
765 993 984 1055 longior,
1015 995 1239 1057 reliquae
1282 993 1434 1058 paulo
1481 994 1741 1055 longiores
1781 993 1992 1056 spiculis
2028 1010 2120 1040 seu

220 1064 421 1109 easdem
454 1066 744 1124 aequantes,
830 1062 1066 1126 Spiculae
1110 1066 1141 1112 4
1186 1064 1343 1110 lineas
1390 1064 1595 1124 longae,
1647 1063 1837 1124 ovales,
1886 1062 2120 1122 obtusae,

219 1136 433 1177 erectae.
509 1130 761 1194 Squamae
817 1133 971 1178 dense
1018 1133 1328 1194 imbricatae,
1382 1134 1752 1195 cartilagineae,
1790 1136 1985 1194 ovatae,
2018 1133 2126 1180 sus-

220 1217 323 1258 cae,
357 1204 406 1245 in
446 1202 707 1264 cuspidem
740 1201 1030 1247 subulatam
1074 1202 1238 1248 albam
1273 1207 1482 1261 rectam,
1534 1203 1849 1265 longitudine
1900 1203 2004 1249 fere
2049 1204 2126 1266 ip-

222 1270 330 1316 sius
366 1287 607 1334 squamae
641 1277 967 1317 excurrentes
1010 1272 1338 1335 margineque
1382 1274 1533 1318 etiam
1578 1274 1639 1319 ad
1688 1273 1881 1337 apicem
1931 1272 2126 1319 albido-

221 1341 444 1386 cinctae:
491 1341 759 1387 inferiores
807 1357 1011 1387 vacuae.
1088 1339 1244 1402 Calyx
1295 1358 1535 1402 magnus,
1583 1340 1939 1406 compressus,
1986 1343 2129 1389 char-

221 1410 826 1471 taceo—membranaceus,
859 1411 1034 1471 laevis,
1065 1411 1276 1471 nitidus,
1318 1411 1448 1456 laete
1475 1410 1757 1473 brunneus,
1783 1413 1972 1476 sepalis
2007 1411 2127 1459 sub-

223 1480 542 1543 aequalibus,
579 1481 892 1541 lanceolatis,
930 1481 1112 1541 acutis,
1152 1481 1263 1527 basi
1301 1481 1432 1526 linea
1469 1482 1631 1526 media
1682 1483 1868 1545 pallida
1913 1482 2130 1545 inscrip-

224 1550 307 1596 tis.
379 1549 605 1596 Stamina
646 1551 693 1599 3.
761 1551 1044 1597 Filamenta
1078 1551 1267 1597 brevia.
1358 1551 1617 1597 Antherae
1658 1551 2027 1611 incumbentes,
2071 1552 2130 1597 li-

223 1636 419 1680 neares,
458 1626 651 1677 acutae,
692 1621 1027 1683 serrugineae,
1059 1620 1417 1667 uniloculares.
1486 1618 1692 1666 Femina
1736 1622 1926 1682 ignota.
1976 1619 2131 1683 (Nees

224 1688 286 1734 ab
326 1686 543 1751 Esenb.)
609 1688 801 1737 Habitu
840 1709 953 1737 cum
992 1690 1268 1737 Anarthria
1308 1692 1557 1751 convenit,
1598 1692 1686 1737 sed
1728 1691 1897 1737 differt
1917 1690 2131 1737 floribus

225 1761 276 1804 et
311 1759 540 1822 spiculis,
580 1777 709 1824 quae
744 1778 864 1807 sane
897 1759 1198 1808 Restionum
1225 1761 1497 1818 simillima,
1530 1761 1753 1807 authoris
1781 1762 1994 1807 maxime
2027 1761 2136 1807 uui-

225 1828 557 1892 locularibus,
599 1847 763 1894 neque
803 1831 1035 1892 didymis.
1071 1829 1205 1877 Nees
1241 1830 1302 1877 ab
1345 1827 1529 1878 Esenb.
1652 1827 1664 1841 ⁸

364 1937 445 1986 42.
518 1934 578 1984 R.
618 1949 937 1986 vAGmATUS
978 1936 1165 1983 Thunb.
1200 1938 1335 1983 Diss.
1368 1955 1422 1999 vp.
1467 1936 1546 1986 10.
1590 1955 1638 1982 η.
1677 1937 1723 1983 ἱ).
1759 1937 1838 1996 Ej.
1870 1936 2027 1983 Prod.
2054 1936 2134 1983 15.

226 2009 302 2067 Ej.
341 2009 462 2070 Cap.
504 2008 545 2054 1.
587 2006 669 2054 83.
713 2009 881 2054 lVillcl.
918 2011 1059 2071 Spec.
1099 2007 1146 2054 4.
1184 2005 1298 2054 719.
1336 2008 1466 2054 Nees
1513 2006 1572 2051 ab
1610 2005 1786 2052 Esenb.
1826 2012 1877 2052 in
1911 2008 2138 2052 Linnaea

230 2078 276 2124 5.
315 2077 432 2126 636.
474 2078 523 2123 7.
568 2077 687 2124 615.
709 2079 893 2137 ‚(Eclcl.
929 2078 1056 2124 herb.
1092 2096 1140 2123 π.
1165 2076 1309 2136 848.)
1349 2073 1531 2121 Culmo
1563 2074 1901 2138 subsimplici,
1925 2074 2138 2134 stricto3

230 2146 425 2207 vaginis
460 2147 633 2204 arctis,
681 2148 1018 2206 mucronatis3
1068 2145 1223 2209 spicis
1274 2146 1482 2192 alternis
1532 2144 1866 2204 solitariisve3
1911 2139 2139 2207 squamis

230 2210 667 2277 ovato-e'llipticis,
707 2216 1035 2274 acuminatis,
1073 2215 1346 2278 perianthii
1382 2215 1596 2262 valvulis
1636 2214 1939 2262 carinalibus
1979 2214 2029 2259 in
2056 2231 2136 2260 ca-

229 2289 338 2334 rina
374 2285 586 2331 villosis.
632 2286 764 2331 IVees
802 2286 860 2331 ab
896 2285 1068 2331 Esenb.
1138 2283 1197 2330 R.
1227 2287 1720 2348 squarrosusSleud.
1755 2292 1804 2333 in
1829 2286 1960 2332 Flor.
1989 2283 2136 2332 1829.

233 2359 278 2407 l.
322 2356 435 2405 133.
468 2374 514 2401 η.
552 2354 599 2401 6.
641 2353 774 2415 (sicle
810 2356 941 2401 Nees
978 2355 1038 2400 ab
1075 2355 1279 2413 Esenb.)
1324 2382 1381 2388 —
1429 2353 1550 2418 Cap.
1591 2355 1640 2405 b.
1675 2356 1803 2418 spei.
1840 2358 1981 2411 241—-
2019 2354 2139 2399 Cul-

231 2445 344 2474 mus
391 2428 441 2470 et
488 2425 695 2484 vaginae
742 2423 988 2486 (stipulae
1040 2421 1264 2486 Thunb.)
1310 2425 1513 2470 omnino
1556 2426 1699 2470 utin
1751 2423 1812 2471 R.
1857 2423 2140 2470 imbricato.

230 2496 411 2561 Spicae
445 2494 690 2552 alternae,
725 2493 1034 2540 subsessiles
1071 2493 1121 2538 in
1156 2494 1357 2539 rachide
1397 2493 1643 2554 flexuosa,
1686 2493 1955 2554 oblongae,
1999 2491 2136 2539 erec-

233 2572 331 2627 tae,
370 2568 474 2611 tres
514 2563 589 2608 vel
629 2566 866 2626 quatuor.
921 2561 1171 2626 Squamae
1206 2563 1517 2623 imbricatae,
1556 2565 1697 2627 apice
1735 2563 1930 2627 patulo,
1961 2579 2138 2608 conca-

232 2655 340 2695 vae,
367 2637 562 2693 ovatae,
585 2633 916 2694 acuminatae,
942 2632 1164 2695 glabrae,
1182 2632 1464 2680 brunneae:
1491 2634 1715 2695 margine
1742 2631 2141 2691 membranaceo,

232 2706 516 2771 pallidiore,
531 2703 715 2748 lacero.
754 2701 1170 2749 Floresnondum
1186 2703 1437 2766 explicati.
1477 2701 1664 2766 Aliqua
1686 2703 1839 2766 huJus
1863 2702 2140 2749 similitudo

236 2777 439 2840 quidem
463 2776 542 2820 est
561 2789 674 2818 cum
717 2771 962 2820 Restione
993 2773 1258 2834 distachyo
1294 2774 1477 2832 Rom»,
1501 2777 1553 2819 at
1584 2790 1759 2819 revera
1781 2773 2050 2819 distinctus
2074 2769 2140 2816 ob

238 2846 404 2908 spicas
420 2845 591 2909 plures
615 2845 666 2888 et
682 2860 922 2907 squamas
944 2843 1198 2906 spicarum
1214 2843 1313 2889 late
1327 2846 1520 2903 ovatas,
1538 2861 1802 2901 concavas,
1814 2841 2144 2901 acuminatas,

238 2916 423 2976 laeves,
471 2914 680 2959 laceras.
732 2911 978 2975 (Thunb.)
1059 2910 1236 2958 Vax-iat
1280 2914 1435 2976 spicis
1488 2914 1601 2973 1-2,
1654 2912 1834 2959 culmis
1882 2910 2144 2956 hincinde

239 2985 432 3031 ramulo
472 2983 736 3047 praeditis.
810 2981 1061 3046 Squamae
1092 2982 1319 3045 spiculae
1355 2984 1608 3030 7-nerves.
1644 2980 1801 3042 (Nees
1841 2979 1903 3026 ab
1927 2977 2140 3041 Esenb.)

376 3087 459 3136 43.
536 3085 598 3138 R.
645 3100 974 3136 ELONGATUS
1024 3086 1209 3133 Thunb.
1256 3093 1308 3134 in
1352 3088 1541 3153 Hoffm.
1592 3089 1829 3150 Phytogr.
1882 3086 2039 3132 Bliitt.
2095 3086 2140 3133 7.

188 3165 199 3173 ‘
240 3159 317 3218 Ej.
358 3160 479 3221 Cap.
527 3158 571 3205 1.
617 3157 699 3207 83.
754 3160 896 3205 Pers.
941 3161 1060 3221 Syn.
1112 3157 1158 3203 2.
1195 3156 1311 3204 606.
1391 3153 1573 3201 Culmo
1623 3153 1870 3216 simplici,
1921 3154 2142 3217 aphyllo,

239 3226 393 3284 laevi3
430 3225 584 3288 spicis
617 3227 842 3286 alteruis,
896 3227 1076 3285 ovatis,
1127 3226 1328 3286 erectis,
1374 3225 1604 3271 ramosis.
1661 3223 1849 3270 Thunb.
1902 3251 1962 3258 —
2016 3222 2142 3287 Cap.

238 3295 288 3344 b.
323 3295 432 3358 spei
476 3322 531 3328 ——
576 3293 788 3342 Culmus
829 3300 982 3355 teres,
1020 3295 1261 3359 simplex,
1313 3297 1530 3353 erectus,
1568 3293 1743 3354 laeviS,
1791 3292 2044 3356 aphyllus,
2088 3295 2144 3342 4-

241 3364 450 3429 pedalis.
520 3362 699 3427 Spicae
735 3366 1119 3428 pedunculatae,
1161 3368 1355 3423 ovatae,
1393 3381 1492 3410 non
1539 3362 1900 3409 involucratae.
1979 3362 2143 3426 Squa-

240 3450 354 3481 mae
387 3434 599 3494 lacerae,
637 3434 1033 3485 obtusiusculae.
1057 3432 1319 3498 ¹(Thunb.)
1387 3432 1573 3481 Differt
1621 3449 1649 3478 a
1691 3430 1751 3478 R.
1786 3433 2039 3495 vaginato,
2062 3432 2144 3479 cui

243 3503 452 3551 similis:
491 3502 656 3549 culmo
691 3504 888 3566 altiore,
928 3505 1059 3551 laevi
1101 3506 1218 3565 (nec
1255 3500 1742 3569 punctato-fugoso)
1772 3502 2030 3567 spicisque
2065 3519 2144 3550 ra—

247 3574 425 3635 mosis,
460 3572 830 3637 pedunculatis.
866 3573 1108 3636 (Thunb.)
