2231 3937
85 1143 203 1195 Pam.

471 226 874 288 ADDENDA
917 241 1001 285 ΕΤ
1045 224 1592 286 CORRIGENDA.
1869 230 1988 289 587

335 448 558 512 Spathae
592 417 924 510 petziloidcae,
961 446 1294 505 lato-ovatae3
1333 446 1603 491 interiores
1629 442 1850 505 albidae3
1887 463 1993 493 me-

338 519 449 564 diae
487 517 671 581 pallide
694 531 898 576 roseae;
925 517 1201 562 exteriores
1240 516 1479 578 majores,
1514 530 1820 578 purpureae,
1850 517 1993 578 apice

336 588 660 633 virescentes.
729 582 971 647 Spadices
1004 586 1203 632 feminei
1235 585 1340 647 3-5‚
1363 585 1546 646 stricti,
1579 584 1783 645 virides,
1816 584 1994 650 Ιὲ-Ξὲ-

332 657 624 720 pollicares,
666 655 1024 717 pedunculati3
1082 655 1335 701 fructiferi
1390 653 1992 716 elongato-ellipsoidei:

335 726 503 772 baccis
548 725 849 771 densissime
898 725 1215 786 aggregatis,
1251 724 1519 784 elongatis,
1563 722 1838 774 obconicis.
1903 722 1993 771 Se-

333 796 468 841 mina
506 795 793 856 cylindrica,
833 794 1156 855 rcctiuscula,
1195 794 1406 850 striata3
1451 792 1728 854 appendice
1764 793 1994 855 funiculi,

332 868 505 911 costae
542 865 717 923 instar,
768 864 829 909 ad
879 866 1104 909 ventrem
1158 878 1324 923 usque
1371 861 1431 906 ad
1485 861 1855 908 extremitatem
1911 881 1996 909 su-

329 935 585 998 periorem
626 934 979 980 adscendente.
1069 930 1122 977 F.
1165 930 1412 975 radicanti
1468 931 1707 978 Gaudicli.
1761 932 1994 993 profecto

333 1021 484 1068 quam
518 1005 732 1050 maxime
764 1002 928 1047 affinis
972 1002 1068 1059 est,
1120 1000 1209 1045 sed
1251 998 1313 1045 ab
1362 999 1448 1045 illa
1493 999 1631 1046 foliis
1677 1000 1992 1062 longissimis

329 1075 508 1137 rigidis
547 1075 747 1120 differre
787 1071 998 1118 videtur.
1034 1067 1279 1131 (Blume.)

254 1145 368 1196 104.
408 1147 530 1209 post
566 1141 932 1202 Freycinetiam
970 1141 1277 1185 radicantem
1319 1139 1563 1188 Gaudt'ch.
1609 1138 1762 1184 addet

472 1214 518 1261 8.
577 1211 631 1258 F.
663 1224 996 1259 MARGINATA
1038 1213 1214 1256 Blume
1241 1215 1293 1255 in
1314 1209 1533 1271 Rumph.
1562 1208 1604 1255 1.
1636 1209 1748 1257 158.
1788 1215 1841 1256 in
1876 1211 1992 1261 adn.

329 1282 550 1329 Caudice
576 1280 1164 1339 scandentc,radicante;
1190 1278 1326 1324 soliis
1350 1277 1683 1338 longissimis,
1702 1278 1996 1339 linearibus,

329 1351 798 1409 acuminatissimis,
829 1350 1025 1411 rigidis,
1063 1365 1220 1413 supra
1266 1348 1485 1392 medium
1536 1348 1779 1411 apiceque
1822 1352 1996 1412 spinu-

327 1420 812 1471 loso-denticulatis.
862 1422 1050 1467 Blume.
1099 1446 1161 1453 -—
1212 1414 1356 1462 Nova
1400 1414 1612 1466 Guinea,
1660 1442 1727 1449 —
1773 1415 1827 1467 F,
1863 1419 1997 1465 radi..

330 1491 464 1538 canti
504 1492 667 1538 Gaud.
712 1491 942 1554 proxime
981 1488 1242 1546 accedens,
1279 1487 1370 1532 sed
1418 1485 1807 1532 fructificatione
1853 1488 1994 1535 orba.

331 1559 520 1607 Differt
554 1561 689 1607 soliis
723 1558 1129 1620 angustioribus,
1160 1558 1223 1603 ad
1275 1556 1527 1618 margines
1562 1573 1654 1619 per
1690 1559 1851 1603 totam
1893 1558 1997 1604 fere

330 1631 699 1693 longitudinem
724 1628 1020 1694 spinulosis,
1042 1644 1259 1691 quorum
1284 1626 1433 1672 bases
1465 1625 1994 1691 dilatato-amplexan-

326 1706 404 1747 tes
444 1701 615 1747 colore
649 1699 1151 1745 rubro-suscescente
1189 1697 1428 1758 gaudent.
1465 1696 1718 1758 (Blume.)

469 1771 517 1818 9.
582 1769 637 1816 F.
684 1782 1093 1818 ANGUSTIFOLIA
1134 1770 1312 1815 Blume
1355 1773 1409 1813 in
1463 1769 1718 1830 Rumphia
1773 1767 1818 1815 1.
1870 1767 1986 1815 159.

330 1847 364 1890 t.
410 1840 494 1890 43.
566 1837 789 1885 Caudice
837 1840 1143 1897 scandente3
1187 1837 1325 1883 foliis
1378 1836 1649 1898 elongatis,
1691 1837 1998 1897 angusto-li-

328 1910 589 1968 nearibus,
626 1908 1095 1966 acuminatissimis,
1138 1907 1282 1970 apice
1327 1906 1995 1969 spinuloso-denticulatis3

329 1979 623 2043 spadicibus
663 1979 1035 2040 terminalibus,
1073 1977 1297 2024 breviter
1335 1976 1721 2039 pedunculatis,
1756 1978 1996 2025 masculis

324 2050 660 2112 femineisque
707 2049 1024 2110 cylindrici83
1082 2048 1269 2094 orariis
1316 2047 1544 2107 trigynis.
1591 2049 1780 2097 Blume.
1815 2073 1880 2082 —-
1937 2046 1995 2093 In

332 2120 488 2181 sylvis
520 2121 686 2166 uvidis
704 2120 970 2181 regionum
1000 2123 1354 2164 montanarum
1382 2116 1535 2163 Javae
1566 2117 1912 2163 occidentalis.
1933 2144 1997 2152 —

331 2188 537 2236 Caudex
585 2189 687 2236 alte
735 2190 1001 2250 scandens,
1046 2189 1526 2234 furcato-ramosus.
1599 2184 1744 2232 Folia
1793 2186 1998 2250 subspi-

328 2261 503 2306 raliter
537 2260 807 2324 disposita,
849 2259 1164 2322 subpedalia,
1211 2254 1241 2321 ξ
1279 2256 1402 2320 poll.
1439 2256 1557 2314 lata,
1597 2255 1996 2317 membranacea,

330 2330 558 2394 patentia
603 2330 682 2375 vel
726 2330 912 2393 partim
967 2329 1229 2387 reclinata,
1280 2326 1673 2388 glaucesccntia.
1752 2323 1995 2389 Spadices

332 2401 512 2461 diocei,
549 2400 993 2464 bini-quaternive,
1029 2397 1342 2456 terminales,
1375 2397 1511 2443 soliis
1546 2395 1994 2443 bracteisormibus

328 2471 497 2531 cincti,
550 2471 709 2531 recti3
743 2470 956 2516 masculi
1001 2469 1260 2515 tenuiores
1320 2484 1379 2512 ac
1430 2466 1583 2529 paulo
1635 2466 1994 2527 elongatiores.

330 2539 473 2587 Folia
507 2539 924 2586 bracteaesormia
963 2539 1214 2603 (spathae)
1261 2537 1368 2596 5-7,
1422 2536 1726 2581 lutescentia
1767 2538 1997 2594 (croceo-

329 2611 467 2657 lutea
513 2611 562 2655 in
608 2611 713 2670 ic.),
774 2610 1107 2667 navicularia,
1155 2608 1384 2653 odorata.
1482 2602 1725 2667 Spadices
1783 2606 1996 2652 masculi

331 2680 518 2726 coloris
569 2680 809 2738 alutacei3
862 2679 1065 2726 feminei
1113 2675 1332 2722 viriduli.
1426 2672 1624 2721 Pistilla
1673 2675 1993 2722 staminodiis

329 2750 539 2797 minutis
578 2750 817 2796 immista.
884 2746 1080 2809 Stigma
1112 2764 1139 2792 e
1175 2746 1347 2792 tribus'
1386 2743 1664 2791 tuberculis
1697 2744 1992 2795 conflatum.

329 2817 572 2883 Spadices
612 2818 861 2865 fructiferi
904 2814 1491 2878 elongato-ellipsoidei.
1579 2813 1770 2861 Baccae
1817 2832 1994 2861 carno-

333 2907 437 2949 sae,
475 2890 632 2954 pulpa
663 2906 860 2952 aquosa
899 2889 1104 2947 farctae,
1144 2885 1438 2944 albicantes,
1477 2900 1698 2951 superne
1730 2885 1993 2932 viridulae.

332 2958 535 3005 Semina
588 2960 931 3021 cylindracea,
981 2956 1318 3014 rectiuscula,
1369 2954 1537 3001 obiter
1584 2956 1794 3014 striata,
1835 2955 1994 3002 latere

333 3031 545 3076 ventrali
590 3030 867 3093 appendice
912 3027 1181 3074 funiculari
1227 3042 1416 3086 crassa,
1461 3024 1513 3070 in
1553 3025 1779 3089 rhaphcn
1816 3025 1994 3071 decur-

332 3105 475 3146 rente
514 3101 810 3161 marginata.
883 3097 936 3145 F.
975 3097 1262 3159 gramineae
1294 3094 1526 3158 proxime
1563 3095 1773 3154 accedit,
1806 3096 1892 3141 sed
1934 3113 1994 3141 eo

330 3171 682 3232 distinguitur,
720 3170 856 3232 quod
886 3168 1009 3215 folia
1041 3167 1100 3213 ad
1138 3165 1414 3227 marginem
1462 3182 1563 3211 non
1615 3168 1724 3211 tota
1768 3165 1992 3227 longitu-

331 3241 463 3303 dine,
498 3242 586 3287 sed
622 3256 821 3286 summo
862 3242 1058 3284 tautum
1093 3237 1235 3300 apice
1274 3239 1395 3281 sunt
1435 3235 1759 3296 denticulata,
1794 3242 1845 3282 et
1875 3252 1993 3300 spa-

331 3311 468 3359 dices
506 3312 673 3357 minus
713 3309 864 3370 longe
908 3307 1254 3371 pedunculati.
1300 3303 1547 3364 (Blume.)

475 3382 554 3429 10.
621 3379 677 3426 F.
728 3391 1015 3427 GRAMINEA
1062 3379 1238 3424 Blume
1296 3380 1349 3422 in
1398 3378 1614 3440 Rumph.
1666 3376 1706 3425 1.
1772 3376 1886 3423 159.
1941 3381 1994 3422 in

336 3451 453 3498 adn.
529 3449 748 3496 Caudice
787 3448 1077 3505 scandente,
1111 3446 1395 3505 radicante3
1437 3445 1573 3492 foliis
1594 3445 1995 3506 angusto-linea-

337 3519 496 3582 ribus,
535 3518 1000 3572 acuminatissimis,
1034 3516 1260 3578 margine
1299 3517 1408 3562 tota
1450 3515 1767 3578 longitudine
1821 3515 1996 3578 spinu-

334 3588 828 3650 loso-denticulatis3
865 3585 1158 3652 spadicibus
1209 3585 1578 3646 terminalibus,
1619 3585 1769 3646 longe
1803 3584 1997 3647 pedun-

334 378 550 442 pcdalia,
593 373 712 430 1-1}
761 375 996 438 pollicem
1040 376 1156 423 lata.
1242 373 1627 422 Inflorcscentia
1692 375 1988 425 terminalis.
