2231 3937
584 214 995 276 AROIDEAE
1032 229 1180 273 sess,
1225 213 1489 288 (Pistia.)
1934 218 1972 273 9

211 363 267 432 β)
313 364 373 414 Ρ.
412 361 671 429 Leprieuri
719 365 893 411 Blume
928 366 958 413 l.
1000 381 1041 411 c.
1095 364 1301 413 Schleid.
1339 366 1368 411 1.
1407 381 1448 410 c.
1486 360 1735 410 fructibus
1775 363 1973 410 semini-

298 433 496 497 busque
530 433 691 480 multo
727 432 1026 491 minoribus,
1067 431 1200 478 soliis
1240 431 1543 495 majoribuS.
1579 434 1709 479 Schl.

208 505 263 564 7)
300 501 357 551 P.
393 501 752 549 Gaudichaudii
798 504 1004 550 Schleid.
1039 505 1068 550 l.
1096 520 1136 548 c.
1171 501 1305 548 foliis
1343 503 1547 549 dimidio
1580 501 1738 562 magis
1779 498 1974 547 brevio-

295 573 453 619 ribus.
491 572 696 618 Schleid.
750 570 945 634 (planta
985 571 1285 634 juvenilis?)

90 670 159 679 -
192 638 432 699 Peruvia3
464 638 497 702 β
532 637 770 700 Senega13
804 657 832 696 γ
864 637 1022 687 Lima.

228 712 276 762 7.
340 708 394 755 Ρ.
430 721 793 757 SPATHULATA
830 711 985 759 ΔἹΙὶεΙι.
1018 711 1152 756 Flor.
1192 709 1238 756 9..
1280 708 1394 757 162.
1427 710 1610 756 Ρυνεῆ.
1633 708 1766 754 flor.
1798 705 1971 754 1-263.

4 820 10 824 ,
88 777 246 826 Foliis
290 778 933 838 obovato-orbicularibus,
988 777 1202 840 abrupte
1257 778 1307 823 in
1377 778 1623 841 petiolum
1678 776 1973 834 coarctatis;

86 849 252 895 nervis
287 847 740 909 lamelliformibus,
778 850 828 894 in
849 864 1013 893 arcam
1037 847 1331 910 petiolarem
1352 845 1742 893 confluentibus.
1764 846 1970 892 Schleid.

86 915 140 965 P.
175 916 445 963 Stratiotes
482 920 807 967 Schlechieml.
845 925 887 964 et
927 920 1094 967 Cham.
1131 923 1180 963 in
1216 920 1441 964 Linnaea
1478 918 1523 965 6.
1569 916 1670 965 23?
1707 939 1764 948 -
1819 911 1973 960 Caro·

85 988 202 1048 lina,
238 984 434 1032 Mexico
470 983 750 1051 (Schiede).
796 1014 863 1023 —
900 985 1077 1033 flores
1115 986 1214 1033 albi
1249 984 1458 1050 (nich).

601 1111 650 1171 b)
687 1108 943 1158 Antherae
979 1110 1142 1172 binae,
1183 1111 1462 1175 oppositae.

19 1263 28 1267 ,
221 1208 270 1258 8.
339 1204 394 1258 Ρ.
440 1219 782 1259 ΕΟΒΠΙΕΤΑΤΑ
816 1210 1025 1256 Schlez'cl.
1069 1210 1098 1255 l.
1134 1225 1172 1254 c.
1241 1210 1435 1268 (S'Ioan.
1467 1208 1595 1254 Hast.
1642 1210 1676 1253 t.
1719 1203 1765 1250 2.
1800 1204 1859 1269 s.
1903 1204 1970 1263 Ξ.)

83 1276 243 1325 Foliis
283 1277 748 1337 ovali-lanceolatis,
787 1279 837 1325 in
873 1277 1117 1342 petiolum
1149 1277 1426 1338 longiorem
1454 1273 1747 1332 attenuatis,
1784 1273 1974 1335 simpli-

82 1347 209 1394 citer
257 1347 516 1408 nervosis3
567 1348 772 1413 (spatha
818 1348 947 1395 laete
994 1345 1182 1411 viridi.)
1230 1347 1438 1395 Schleicl.
1485 1370 1548 1379 —
1610 1342 1845 1403 Jamaica,
1880 1340 1974 1388 Su-

81 1433 259 1467 rmam.

326 1515 374 1563 2.
445 1512 634 1579 Spadix
677 1516 912 1563 antheras
954 1530 1201 1581 processu
1240 1513 1432 1560 elevato
1467 1526 1728 1574 superans.

221 1623 269 1673 9.
339 1621 394 1670 P.
433 1638 767 1675 OBCORDATA
803 1628 1009 1674 Schleid.
1047 1629 1075 1675 l.
1110 1643 1152 1673 c.
1227 1621 1385 1670 Foliis
1418 1618 1972 1677 cuneato-obcordatis3

79 1693 249 1740 nervis
276 1693 732 1756 lamellisormibus,
772 1696 824 1742 in
870 1713 1035 1743 aream
1074 1694 1367 1759 petiolarem
1401 1695 1680 1738 truncatam
1720 1687 1973 1733 confluen-

80 1762 237 1813 tibus.
270 1766 474 1813 Schleid.
550 1763 604 1812 P.
641 1767 873 1829 aquatica
908 1767 1087 1812 villosa
1121 1774 1244 1811 caet.
1296 1766 1497 1810 Brotcn.
1541 1762 1676 1806 Jam.
1722 1757 1836 1804 329.
1909 1756 1970 1802 Ρ.

79 1830 354 1880 Stratiotes
404 1836 510 1882 ss‘ee
553 1842 605 1882 in
641 1839 823 1884 Aunal.
857 1838 912 1885 de
948 1839 1169 1884 ciem-ias
1201 1842 1303 1880 nat.
1346 1852 1393 1878 n.
1434 1830 1513 1876 13.
1546 1845 1603 1890 p.
1638 1825 1717 1873 76.
1790 1826 1967 1872 Ηιιιηό.

78 1909 123 1950 ei
158 1905 275 1950 Kth.
318 1904 449 1952 fl'ov.
493 1907 612 1951 Gen.
653 1907 696 1953 1.
733 1907 815 1954 Sl.
863 1906 1010 1964 (excl.
1049 1906 1184 1962 syn.)
1247 1900 1434 1946 Hor-leel
1477 1903 1537 1944 im
1587 1895 1972 1941 jlonatshericht

80 1973 166 2019 der
200 1974 388 2019 Berlin.
421 1975 591 2020 Akad.
626 1975 672 2020 d.
718 1975 1014 2019 JVissensch.
1050 1971 1186 2017 febr.
1221 1967 1368 2016 1537.
1399 1986 1454 2030 P·
1494 1966 1574 2013 41.
1619 1966 1693 2022 (de
1723 1971 1971 2029 germinu-

78 2042 250 2100 tz‘one.)
290 2070 350 2078 —
405 2041 652 2104 Jlompox
692 2045 742 2086 et
776 2039 1083 2104 Michiqueo,
1131 2039 1183 2084 in
1219 2038 1331 2100 ripa
1372 2033 1596 2081 fluminis
1632 2030 1967 2093 Magdalenae‚

81 2108 382 2172 Guayaqui17
419 2107 579 2170 Cuba,
616 2108 845 2155 Brasilia.
878 2135 947 2143 —
1003 2106 1204 2153 Semina
1240 2123 1333 2169 per
1367 2110 1549 2150 testam
1588 2103 1649 2148 ad
1684 2102 1969 2147 extremita-

78 2182 181 2224 tem
217 2179 599 2240 micropylarem
639 2179 907 2239 insigniter
957 2177 1616 2241 spongioso-mcrassatam
1656 2171 1968 2233 pyrfformia,

76 2248 270 2294 inferne
304 2247 490 2292 sensim
522 2248 571 2292 in
604 2246 880 2293 funiculum
920 2255 1120 2293 tenuem
1168 2261 1394 2292 crassum
1440 2250 1716 2299 attenuata,
1766 2240 1969 2303 delapsa

78 2318 141 2364 ad
174 2316 331 2362 hilum
382 2315 640 2376 (chalazae
677 2317 1015 2381 respondens)
1067 2316 1311 2362 foramine
1358 2313 1525 2376 amplo
1578 2319 1767 2357 notata.
1836 2307 1969 2358 Inte-

78 2388 372 2450 gumentum
408 2385 619 2449 duplex,
664 2396 924 2433 externum
976 2389 1158 2448 (testa)
1208 2388 1258 2432 et
1292 2385 1560 2430 internum.
1628 2380 1881 2426 Albumen
1917 2380 1969 2424 in

78 2455 281 2503 sacculo
327 2454 636 2516 embryonali
682 2456 852 2503 subito
906 2457 1172 2521 ampliato,
1216 2454 1450 2501 nucleum
1494 2452 1641 2516 plane
1689 2450 1970 2513 depellente

78 2529 280 2572 enatum
327 2526 766 2588 (endospermium
813 2524 1025 2587 Hork.).
1105 2523 1327 2586 Embryo
1380 2522 1742 2585 cyfindraceus,
1787 2519 1970 2565 rimula

74 2594 428 2656 longitudinali
470 2598 668 2655 (contra
706 2593 1002 2657 Lindleyum
1058 2595 1395 2653 dubitantem)
1438 2593 1736 2638 instructus.
1819 2587 1971 2634 Gem-

77 2666 214 2711 mula
248 2665 570 2727 disciformi59
606 2667 840 2728 rotunda,
870 2683 1058 2726 crassa,
1096 2664 1301 2728 oblique
1336 2668 1386 2710 in
1420 2660 1737 2708 extremitate
1770 2658 1968 2704 radicu-

75 2735 170 2781 lari
214 2734 338 2793 sita,
385 2750 499 2780 cum
550 2735 836 2797 embryouis
879 2737 1073 2799 pariete
1118 2735 1274 2781 rimae
1319 2730 1558 2795 opposito
1605 2745 1696 2791 per
1736 2744 1967 2789 magnam

74 2807 272 2869 partem
310 2809 540 2851 connata.
613 2803 721 2852 Sub
772 2806 1137 2868 germinatione
1189 2802 1478 2850 extremitas
1512 2798 1798 2859 embryonis
1837 2797 1966 2843 radi-

77 2873 262 2921 cularis
301 2876 383 2933 (ut
416 2874 467 2920 in
498 2872 709 2936 Lemna)
755 2883 953 2940 partem
995 2874 1313 2922 membranae
1353 2872 1579 2916 internae
1616 2869 1964 2926 incrassatam,

74 2943 404 3008 micropylem
448 2944 754 3006 cingentem,
810 2963 836 2992 e
882 2945 1076 2992 cellulis
1128 2942 1374 3005 elongatis
1421 2938 1655 2986 radiatim
1699 2937 1963 3000 dispositis

75 3013 361 3075 formatam,
397 3029 496 3059 una
533 3031 647 3061 cum
695 3021 840 3078 parte
875 3019 1039 3062 testae
1084 3012 1425 3078 superposita,
1464 3007 1622 3056 canali
1661 3006 1962 3070 micropyles

73 3086 303 3146 pertusa,
340 3084 566 3146 operculi
600 3086 777 3145 instar,
827 3086 1011 3144 aufert,
1060 3082 1565 3132 saccato-incrassata
1595 3077 1786 3140 illoque
1818 3092 1965 3139 oper-

76 3152 191 3199 culo
213 3152 493 3216 calyptrata
513 3153 591 3215 (ut
611 3155 661 3201 in
683 3153 891 3215 Lemna)
917 3155 1082 3201 evadit
1105 3152 1433 3214 foliolumque
1453 3147 1732 3212 gemmulae
1759 3152 1963 3191 auctum

75 3223 163 3268 diu
199 3222 361 3268 adhuc
395 3223 632 3274 occultat.
713 3222 967 3288 Denique,
1003 3241 1102 3271 una
1138 3238 1249 3270 cum
1287 3220 1464 3267 foliolo
1508 3235 1599 3282 per
1628 3217 1806 3262 rimam
1841 3215 1963 3260 dila-

76 3294 235 3338 tatam
285 3291 544 3355 emicante,
580 3294 800 3341 radicula
835 3295 1089 3357 primitiva
1144 3292 1205 3337 ad
1257 3290 1391 3337 latus
1437 3289 1594 3335 rimae
1649 3284 1961 3349 oppositum,

74 3360 229 3424 paulo
266 3363 434 3408 tamen
468 3363 696 3422 inferius,
721 3365 979 3411 emittitur.
1030 3360 1272 3410 Radicula
1305 3360 1407 3420 illa,
1427 3359 1590 3423 primo
1628 3354 1962 3420 productione

76 3430 362 3491 embryonis
412 3432 772 3494 vaginaeformi
814 3433 1034 3491 obtecta,
1083 3433 1210 3478 hanc
1261 3430 1438 3476 deinde
1480 3427 1671 3489 rumpit
1721 3425 1963 3488 apiceque

78 3501 161 3559 (ut
196 3499 248 3545 in
282 3496 491 3559 Lemua)
537 3503 815 3566 calypti-ata
861 3507 1100 3567 apparet3
1147 3499 1399 3546 radiculae
1435 3497 1805 3559 subsequentes
1840 3493 1961 3538 item

78 3583 137 3612 ac
176 3569 518 3617 extremitates
550 3572 775 3634 integrae
810 3572 1062 3632 (illaesae)
1097 3569 1280 3617 radicis
1314 3568 1516 3632 plantae
1545 3564 1799 3630 perfectae
1834 3577 1963 3608 sem-

77 3652 170 3698 Pel'
204 3637 511 3702 calyptratae
559 3640 908 3689 observantur.
994 3639 1245 3688 Foliolum
1281 3638 1485 3702 plantae
1516 3631 1844 3698 germinantis
1882 3646 1961 3677 se·
