2231 3937
345 179 754 241 AROIDEAE
796 195 945 239 JUSS.
1001 179 1621 265 (Amorphophallus.)
1841 196 1918 254 33

41 326 163 374 tium
199 328 508 388 zeylanicum
539 346 740 376 ramoso
774 327 896 373 folio
933 329 1026 374 etc.
1056 330 1223 375 Herm.
1260 331 1454 382 Par-ad.
1494 331 1574 379 90.
1611 356 1672 365 -—
1706 332 1920 386 Malaba-

38 397 112 443 ria
144 398 196 442 et
226 396 249 442 P
285 395 597 458 Ceylona.—
639 395 771 458 Quid
813 395 975 442 Arum
1009 397 1355 460 polyphyllum
1394 403 1534 447 Hert.
1572 404 1738 466 Angl„
1770 409 1916 455 Linlae.

35 467 211 513 Enum.
244 467 290 513 2.
332 467 429 516 393
480 467 634 528 (foliis
667 466 890 526 temnitis,
932 466 1119 514 foliolis
1153 468 1413 515 decursive
1454 470 1692 533 pinnatis,
1725 476 1913 536 petiolo

0 570 1 574 η
35 535 301 597 maculato,
340 537 549 584 floribus
583 534 837 596 ignotis)?

34 643 91 703 2)
130 642 517 710 Adenophallus.
589 642 735 706 Apex
775 643 994 706 spadicis
1036 645 1653 705 granulato-verrucosus.
1725 645 1917 695 Anthe-

33 729 119 760 rae
157 713 349 778 absque
385 714 558 759 ordine
592 717 861 774 congestae
898 716 985 759 aut
1021 713 1311 761 4·5—saria1n
1352 717 1667 776 aggregatae.
1723 714 1915 779 Stigma

187 785 381 845 sessile,
418 782 896 843 subemarginatum.
983 779 1174 845 Spatha
1214 783 1363 845 longe
1403 785 1755 846 pedunculata.

168 878 216 928 3.
283 877 345 925 A.
383 877 630 928 MULLERI
663 881 837 926 Blume
868 886 920 926 in
951 881 1205 943 Rumpln'a
1260 878 1304 927 1.
1344 879 1457 927 143.
1524 878 1733 928 Petiolis
1764 881 1914 930 laevi-

33 945 158 1008 bus3
193 948 370 1012 spatha
406 951 571 1009 ovata,
618 952 779 1007 acuta,
827 965 1044 1011 superne
1081 952 1301 1012 patente,
1347 950 1547 1012 spadice
1588 950 1787 998 clavato
1826 953 1914 998 ob-

35 1018 151 1064 tuso
193 1017 445 1077 breviore3
489 1018 710 1064 antheris
761 1018 1053 1066 4-5-fariam
1093 1017 1397 1081 aggegratis.
1445 1021 1526 1066 ΒΖ.
1594 1019 1747 1066 Arum
1787 1020 1913 1068 Mul-

31 1085 125 1133 leri
156 1089 302 1151 Zipp.
336 1089 462 1135 ined.
500 1116 559 1123 —
595 1087 731 1137 Java.

169 1156 218 1203 4.
286 1154 350 1206 A.
390 1170 696 1206 GIGANTEUS
744 1158 918 1204 Blume
964 1163 1016 1204 in
1054 1158 1308 1219 Rumphia
1355 1155 1399 1204 1.
1443 1155 1556 1205 144.
1596 1163 1630 1204 l.
1669 1157 1750 1207 34.
1821 1155 1911 1205 Pe-

31 1225 168 1271 tiolis
206 1228 730 1289 verrucoso-asperis5
765 1226 945 1289 spatha
979 1230 1139 1285 ovata,
1178 1224 1544 1286 obtusiuscula,
1573 1243 1790 1289 superne
1825 1246 1911 1291 pa-

30 1297 182 1355 tente,
218 1296 470 1358 spadicem
504 1295 1152 1356 cylindraceo-l‘usiformem
1189 1311 1365 1358 parum
1407 1301 1703 1358 superante3
1739 1300 1911 1344 anthe-

29 1364 101 1410 ris
153 1361 347 1427 abs'que
417 1365 592 1411 ordine
653 1365 923 1427 congestis.
977 1367 1057 1412 ΒΖ.
1162 1360 1494 1409 Dracontium
1556 1365 1909 1427 paeonifolium

28 1434 203 1480 Densi.
247 1437 379 1482 Clav.
425 1436 567 1482 Hori.
612 1437 739 1483 Mal.
786 1435 868 1483 38.
956 1431 1291 1480 Dracontium
1341 1432 1687 1496 polyphyllum
1743 1439 1909 1486 Houtt.

27 1503 150 1551 Nat.
206 1505 330 1554 Hist.
375 1506 450 1551 II.
501 1506 579 1555 11.
623 1505 736 1552 199.
785 1522 844 1551 ex
876 1512 1036 1568 parte.
1116 1501 1472 1548 Mulenschena
1524 1506 1707 1551 Rheecl.
1767 1509 1909 1552 Hori.

27 1572 217 1618 Malab.
268 1575 360 1620 XI.
410 1573 493 1622 37.
552 1582 587 1621 t.
633 1573 711 1622 19.
793 1570 1145 1620 Dracunculus
1196 1572 1514 1633 zeylanicus⁷
1568 1573 1908 1637 polyphyllus,

27 1640 168 1686 caule
199 1658 399 1705 aspero,
431 1643 638 1690 maculis
675 1642 1022 1702 viridi-fuscis,
1072 1641 1435 1688 viridi-dilutis
1486 1644 1535 1687 et
1575 1642 1906 1689 albicantibus

10 1710 202 1772 ‘pulcre
248 1714 424 1758 notato
482 1714 718 1778 Touran.
766 1715 886 1760 Inst.
944 1714 1056 1760 160.
1116 1714 1292 1758 Burm.
1349 1713 1488 1757 Thes.
1533 1714 1664 1774 Zegjl.
1718 1713 1795 1761 90.
1847 1740 1905 1749 —-

4 1776 132 1825 ³Ora
179 1777 504 1843 Malabariae,
573 1780 795 1844 Ceylona
837 1782 1133 1846 insulaeque
1187 1778 1449 1838 Malaicaeg
1506 1780 1554 1825 in
1613 1780 1735 1826 Java
1780 1782 1906 1828 satis

24 1847 97 1894 fre
137 1866 277 1901 uens.

102 1865 134 1912 q
167 1921 215 1968 5.
283 1916 349 1966 A.
395 1933 628 1971 SATIVUS
669 1922 843 1968 Blume
882 1926 934 1967 in
971 1919 1226 1980 Rumphia
1275 1916 1318 1962 1.
1356 1914 1469 1963 145.
1550 1913 1709 1963 Tacca
1750 1920 1910 1965 sativa

28 1989 244 2052 Rumph.
292 1989 435 2036 Amb.
498 1992 555 2035 V.
613 1989 729 2037 324.
810 1987 1105 2047 (tab.¹112.
1162 1986 1396 2045 adjuncta
1458 1987 1588 2031 mala
1653 1993 1751 2047 est,
1823 2007 1912 2035 rnec

15 2057 245 2121 sortasse
278 2059 373 2104 huc
404 2054 702 2122 referenda.)
747 2083 814 2092 —-
881 2054 938 2101 In
976 2054 1219 2101 Moluccis
1252 2054 1431 2099 insulis
1469 2055 1650 2103 cultus.
1688 2082 1755 2090 —
1813 2054 1911 2102 Ra-

30 2125 165 2171 dices
211 2126 397 2177 edules,
431 2154 492 2162 --
566 2123 693 2172 Cum
727 2124 1008 2187 Rumphius
1046 2140 1209 2186 neque
1248 2123 1497 2184 spatham,
1534 2139 1626 2168 nec
1657 2125 1911 2187 spadicem

32 2193 289 2254 describit,
320 2212 382 2241 ne
413 2194 670 2241 character
711 2195 909 2256 quidem
948 2193 1102 2256 hujus
1140 2191 1327 2256 speciei
1361 2192 1682 2238 determinari
1715 2197 1905 2256 potest,

29 2280 158 2326 quae
195 2266 359 2309 tamen
410 2264 589 2326 procul
633 2263 786 2309 dubio
841 2262 905 2310 ob
951 2279 1158 2325 scapum
1208 2259 1527 2325 3{-pedalem
1574 2260 1638 2309 A.
1676 2264 1910 2325 giganteo

27 2333 188 2394 magis
228 2332 390 2379 affinis
427 2336 522 2395 est,
560 2349 710 2397 quam
746 2331 811 2381 A.
850 2332 1217 2396 campanulato.
1251 2329 1497 2391 (Blume.)

30 2440 86 2503 3)
120 2438 459 2506 Leiophallus.
537 2440 685 2507 Apex
728 2442 945 2506 spadicis
992 2440 1347 2488 laeviusculus.
1426 2437 1683 2486 Anlhcrae
1719 2440 1912 2506 absque

65 2512 240 2558 ordine
276 2514 560 2575 congestae.
612 2509 786 2574 Stylus
825 2511 1005 2559 brevis.
1060 2509 1253 2573 Stigma
1275 2509 1566 2574 capitatum,
1587 2510 1872 2558 indivisum.

167 2609 214 2659 6.
284 2607 348 2656 Α.
385 2622 699 2660 VARIABILIS
735 2611 908 2658 Blume
938 2614 990 2656 in
1019 2606 1275 2672 Rumphia
1309 2608 1353 2655 1.
1381 2607 1492 2656 146.
1538 2613 1570 2652 t.
1593 2605 1656 2653 35
1681 2612 1723 2653 et
1744 2606 1824 2655 37-
1849 2610 1911 2657 Η.

30 2674 240 2724 Petiolis
303 2679 559 2740 laevibus3
621 2678 801 2742 spatha
846 2677 1291 2740 oblongo-ovata,
1336 2676 1646 2733 acuminata,
1697 2692 1913 2739 superne

33 2750 460 2811 erecto-patente,
513 2750 715 2813 spadice
764 2749 839 2807 (in
885 2748 1040 2794 fundo
1092 2746 1323 2810 spathae)
1390 2743 1555 2790 sessili
1600 2745 1913 2791 acutiusculo

32 2817 624 2878 cylindraceo-susiformi
667 2818 871 2864 dimidio
902 2816 1150 2863 breviore.
1192 2818 1273 2863 ΒΖ.
1358 2811 1519 2860 Arum
1557 2816 1913 2860 stercorarium

35 2889 86 2931 et
131 2887 701 2952 caeruleo-punctatum
748 2890 896 2951 Zipp.
941 2888 1065 2934 ined.
1149 2882 1479 2931 Dracontium
1536 2880 1660 2929 Luz.
1711 2885 1916 2930 tertium

36 2971 126 3001 seu
162 2954 403 3003 Indorum
445 2955 614 3004 Lunas
666 2960 726 3003 G.
763 2960 810 3006 J.
850 2959 1074 3017 Camello,
1122 2958 1275 3018 Stirp.
1321 2959 1413 3002 ins.
1458 2955 1660 3000 Luzmze
1703 2959 1755 3000 in
1796 2957 1915 3013 Raj.

35 3027 164 3071 Hist.
194 3029 265 3089 pl.
306 3029 412 3074 III.
447 3030 580 3092 App.
614 3045 665 3090 p.
704 3026 786 3074 36.
832 3025 911 3074 13.
945 3049 1015 3059 -·
1050 3024 1187 3070 Java.
1227 3049 1289 3056 —
1329 3019 1609 3083 Singularis
1645 3021 1761 3067 huic
1802 3040 1916 3085 spe-

37 3093 130 3139 ciei
163 3110 275 3140 cum
306 3095 371 3143 A.
406 3098 568 3142 sativo
616 3098 695 3142 est
730 3095 966 3155 affinitas,
1015 3110 1177 3158 neque
1220 3090 1552 3154 improbabile
1585 3091 1783 3137 videtur
1821 3092 1918 3138 sal-

37 3163 139 3208 tem
173 3163 384 3225 figuram
413 3163 629 3229 Rumph.
663 3167 698 3216 t.
743 3165 856 3212 112.
889 3181 982 3211 nec
1018 3165 1079 3210 ad
1115 3163 1257 3221 hanc,
1293 3162 1382 3207 sed
1423 3161 1483 3207 ad
1519 3162 1746 3207 nostram
1779 3161 1919 3224 plan-

37 3233 140 3278 tam
176 3250 291 3280 esse
326 3234 651 3281 referendam.
689 3233 816 3294 (Bl.)

64 3319 67 3321 ·
177 3304 228 3351 7.
296 3301 362 3350 Α.
406 3317 743 3353 ZEYLANICUS
802 3305 977 3350 Blume
1019 3308 1072 3349 in
1119 3296 1374 3363 Ram-phio.
1419 3297 1464 3345 1.
1513 3298 1629 3346 148.
1710 3294 1920 3343 Petiolis

41 3369 290 3433 laevibus3
336 3374 518 3437 spatha
563 3376 727 3436 ovata,
773 3374 938 3433 acuta,
989 3385 1206 3432 superne
1256 3370 1673 3431 erecto-patente,
1720 3366 1922 3429 spadice

44 3439 119 3496 (in
154 3441 308 3488 fundo
341 3442 571 3505 spathae)
607 3442 944 3507 pedunculato
982 3436 1575 3501 cylindraceo-fusiformi
1608 3436 1922 3482 acutiusculo

41 3506 201 3554 multo
235 3510 484 3558 breviore.
517 3514 598 3562 ΒΖ.
662 3509 1015 3557 Dracunculus
1054 3507 1343 3568 zeylonicus
1381 3505 1702 3570 polyphyllus
1731 3504 1924 3570 (J’Limz.

43 3577 172 3639 Zeyl.
211 3578 323 3627 198.
355 3581 471 3628 422.
554 3579 717 3627 Arum
765 3579 902 3627 foliis
954 3576 1189 3643 palmatis
1237 3578 1331 3624 etc.
1365 3579 1553 3639 Royen.
1592 3577 1734 3622 Hor-t.
1764 3574 1929 3639 Lugd.

95 3651 286 3695 KuN‘rn.
326 3656 536 3700 Syr-ors.
571 3657 646 3701 ΙΙΙ.
1446 3642 1473 3709 [
1511 3643 1540 3692 3
1578 3640 1604 3707 ]
