2231 3937
209 185 330 245 474
635 175 1132 239 RESTIACEAE
1184 191 1370 234 ENDL.
1413 175 1705 252 (Elegia.)

211 335 366 396 ovati,
403 331 609 381 seminis
648 331 887 392 sinapeos
937 327 1299 389 magnitudine.
1378 323 1560 387 Sepala
1589 326 1639 386 6,
1684 320 2001 390 inaequalia,
2035 341 2119 372 ex-

210 406 400 454 teriora
432 402 637 449 dimidio
680 399 891 460 minora,
933 396 1352 458 ovato-oblonga,
1397 394 1600 455 obtusa,
1645 394 1830 442 obtuse
1880 395 2120 454 carinata,

209 476 435 539 margine
472 470 869 528 membranacea,
913 468 1066 513 dorso
1100 466 1442 526 fusco-aurea,
1482 464 1687 528 punctis
1733 464 2120 512 obscurioribus

210 546 532 608 exasperatag
583 540 829 586 interiora
879 539 1044 596 ovata,
1090 552 1330 597 convexa,
1378 536 1582 596 obtusa,
1631 534 1744 581 basi
1798 537 2123 599 margineque

207 615 412 682 pallida,
457 612 652 676 apicem
699 625 880 657 versus
922 607 1265 664 fusco-aurea,
1309 607 1476 652 minus
1532 608 2122 673 punctam-exasperata.

150 699 177 704 ”
209 685 438 734 Stamina
470 683 517 743 3,
557 680 743 746 sepalis
783 677 1115 726 interioribus
1155 676 1397 740 opposita
1444 677 1610 739 iisque
1658 673 1907 721 breviora.
1991 675 2126 722 Fila-

209 759 380 804 menta
413 753 600 801 brevia.
674 748 934 798 Antherae
955 747 1223 809 oblongae,
1263 746 1404 809 apice
1426 745 1625 806 bifidae,
1658 745 1967 792 biloculares
2004 745 2124 807 (ΕΡ),

208 827 402 887 fuscae,
439 822 923 884 flavo-marginatae.
994 817 1175 864 Planta
1227 817 1442 863 feminea
1480 817 1633 879 paulo
1680 815 1937 881 humilior,
1989 815 2126 876 vagi-

180 898 288 959 hnis
325 895 515 942 diutius
552 890 963 957 persistentibus.
1037 887 1423 935 Intlorescentia
1468 885 1894 952 1-1ss·pollicaris,
1931 885 2127 948 spicae-

210 966 411 1026 formis,
450 966 560 1010 tota
597 962 813 1025 spathiS,
857 959 1151 1007 masculinis
1188 957 1461 1018 similibus,
1511 958 1600 1003 sed
1646 957 1801 1003 dense
1844 955 2127 1002 imbricatis

211 1037 471 1098 floresque
506 1030 883 1079 occultantibus
918 1030 1116 1076 vestita.
1195 1026 1339 1074 Rami
1383 1027 1571 1089 gemini
1623 1030 1682 1073 ut
1734 1027 1784 1072 iu
1837 1042 1993 1085 mare,
2037 1026 2128 1072 sed

212 1106 408 1170 spathis
439 1103 547 1149 suis
573 1100 729 1164 duplo
754 1100 858 1145 sere
884 1098 1162 1157 breviores,
1182 1097 1464 1161 paucissori.
1512 1096 1734 1161 Spathae
1762 1097 2004 1161 partiales
2023 1094 2130 1159 spi-

211 1177 455 1231 cularum,
483 1171 905 1233 harumipsarum
930 1169 1264 1229 longitudine,
1281 1167 1607 1226 lanceolatae,
1632 1167 1965 1227 acuminatae,
1988 1169 2131 1212 totae

209 1244 641 1301 membranaceae,
677 1239 863 1303 pallide
898 1238 1243 1303 punctnlatae.
1319 1236 1555 1301 Spiculae
1589 1238 1885 1284 masculinis
1917 1235 2132 1296 similes,

211 1317 299 1364 sed
335 1316 577 1372 minores,
613 1309 904 1359 4-6-ssorae.
988 1305 1212 1371 Spathae
1256 1308 1493 1370 propriae
1536 1307 1754 1354 floribus
1805 1307 1962 1371 duplo
2017 1307 2132 1353 bre-

212 1387 396 1444 viores,
435 1388 630 1442 ovatae,
669 1383 864 1439 acutae,
904 1377 1334 1438 membranaceae,
1373 1377 1642 1427 carinatae.
1701 1376 1821 1424 Flos
1855 1377 2130 1439 oblongus,

214 1455 442 1505 masculo
489 1452 773 1514 angustior,
836 1449 1074 1496 obtusus.
1153 1445 1337 1512 Sepala
1394 1447 1640 1510 aequalia,
1687 1447 2132 1509 subcartilaginea,

215 1528 454 1585 carinata,
497 1525 650 1569 dorso
692 1521 1007 1584 aliquantum
1058 1521 1381 1581 exasperata3
1426 1517 1671 1562 interiora
1716 1516 2132 1564 snbmembrana-

215 1615 318 1654 cea,
355 1593 690 1659 planiuscnla,
729 1591 901 1638 laevia.
965 1586 1210 1635 marium
1251 1587 1547 1648 oblongum,
1573 1585 1950 1649 subtrigonum.
1998 1585 2133 1648 Stig-

213 1671 349 1715 mata
382 1665 429 1725 3,
463 1664 681 1721 sessilia,
723 1677 941 1724 superne
980 1659 1331 1723 pubescentia,
1365 1657 1697 1718 divergentia,
1728 1657 1932 1720 pallida.
1973 1653 2131 1717 (Nees

213 1738 274 1784 ab
319 1733 534 1794 Esenb.)
619 1730 810 1779 Similis
864 1747 1003 1788 sane,
1068 1729 1234 1792 quoad
1287 1727 1535 1787 habitum,
1575 1725 1808 1774 Restioni
1857 1727 2132 1789 thyrsisero

213 1807 414 1867 Roteb„
468 1821 619 1868 quem
675 1803 736 1849 ad
783 1818 927 1847 suam
973 1797 1201 1861 Elegiam
1249 1798 1490 1860 junceam
1558 1796 1714 1842 trahit
1760 1795 2132 1860 Thunbergius.

213 1876 312 1924 Sed
350 1877 423 1923 illi
461 1875 673 1940 spathae
713 1873 983 1919 interiores
1023 1886 1112 1915 seu
1163 1869 1488 1931 superiorum
1542 1867 1777 1913 ordinum
1825 1868 2134 1914 lanceolato-

216 1947 484 1996 subulatae
521 1951 572 1992 et
612 1943 785 2007 sepala
822 1941 1116 1989 acutissima
1154 1937 1468 1996 tribuuntur,
1505 1938 1640 2000 quod
1666 1954 1813 1983 secus
1845 1938 1894 1982 in
1934 1941 2133 1984 nostro.

214 2017 572 2078 Thunbergius
610 2014 896 2060 bracteolas
947 2011 1188 2074 partiales
1243 2009 1552 2054 lanceolatas
1598 2007 1831 2054 minimas
1885 2007 2134 2071 perhibet,

215 2089 385 2152 spicas
424 2090 619 2142 ovatas,
657 2085 838 2131 melius
880 2099 1001 2129 sane
1035 2082 1095 2127 ad
1131 2084 1360 2126 nostram
1403 2080 1626 2140 plantam
1677 2079 1947 2124 accedente
1984 2082 2134 2138 nota3

218 2159 306 2206 sed
340 2157 530 2215 nescio,
576 2171 697 2202 num
741 2155 950 2200 eandem
988 2152 1187 2210 viderit,
1209 2166 1320 2196 cum
1348 2150 1529 2195 citaret
1567 2147 1866 2195 Rottboellii
1894 2149 2137 2212 speciem,

217 2228 280 2275 ab
317 2225 491 2288 Elegia
521 2225 712 2287 juncea
755 2224 938 2271 Tlnmb.
984 2222 1134 2281 longe
1176 2221 1405 2270 alienam.
1458 2216 1615 2282 (Nees
1648 2218 1727 2264 ab.
1760 2217 1979 2279 Esenb.)

359 2297 440 2346 12.
515 2293 571 2344 E.
607 2306 1006 2343 ASPERIFLORA.
1066 2289 1248 2336 Culmo
1287 2289 1622 2347 subramos03
1660 2288 1873 2336 {loribus
1895 2289 2136 2352 spicatis;

218 2367 373 2432 spicis
410 2365 737 2428 glomeratis,
774 2362 971 2427 spathis
1012 2362 1236 2425 propriis
1283 2360 1765 2422 ovato-cuspidatis,
1795 2360 1947 2406 flores
1985 2377 2136 2423 supe-

215 2436 451 2485 rantibus
490 2434 893 2499 perianthiisque
938 2432 1140 2496 punctis
1175 2430 1345 2477 rubris
1374 2430 1711 2492 exasperatis,
1735 2431 1960 2491 margine
1983 2447 2136 2477 mem-

219 2508 511 2566 branaceis3
555 2505 752 2569 spathis
807 2500 1163 2550 communibus
1214 2499 1783 2561 oblongo-lanceolatis,
1834 2499 2135 2549 subcartila-

219 2579 399 2642 gineis.
443 2579 496 2636 Ο)
536 2581 572 2634 ῼ
627 2577 754 2623 Νεεε
784 2575 841 2621 ab
888 2573 1061 2620 Eseub.
1139 2569 1316 2617 Restio
1354 2569 1688 2633 asperitlorus
1734 2572 1879 2634 Zeylv.
1918 2578 1959 2618 el
2004 2572 2136 2618 Nees

221 2650 280 2697 ab
321 2649 496 2696 Esenb.
543 2655 594 2695 in
629 2647 698 2693 JV.
747 2648 860 2692 Act.
906 2646 1002 2690 Ac.
1035 2662 1082 2688 η.
1121 2661 1225 2689 cur.
1271 2640 1384 2688 XV.
1430 2641 1477 2688 ²2.
1527 2642 1652 2686 in'ecl.
1692 2642 1822 2687 IVees
1865 2642 1924 2688 ab
1954 2642 2134 2689 Eseub.

219 2727 273 2767 in
309 2719 544 2769 Limnaee?
577 2717 623 2766 5.
667 2717 782 2764 656.
820 2741 888 2749 —-
941 2711 1065 2776 Cap.
1111 2712 1155 2757 b.
1195 2711 1322 2775 spei,
1355 2738 1422 2745 —
1462 2708 1608 2756 Conf.
1648 2707 1704 2756 E.
1747 2709 2064 2772 Dregeanae.

364 2787 442 2836 13.
516 2787 577 2835 Ε.
608 2797 1043 2836 MEMBRANACEA.
1127 2782 1310 2828 Culmo
1364 2780 1714 2844 subsimplici3
1760 2780 1974 2827 floribus
2024 2779 2134 2841 glo-

223 2858 456 2917 meratis3
497 2857 692 2920 spathis
731 2854 953 2920 propriis
1007 2852 1515 2915 ovato-cuspidatis,
1567 2851 1722 2897 flores
1766 2850 2135 2914 aequantibus3

223 2927 579 2974 communibus
630 2926 956 2981 lanceolatis,
1001 2921 1429 2980 membranaceis,
1466 2922 1819 2980 fusco-variis,
1865 2920 2134 2983 perianthii

223 2998 435 3044 masculi
465 2996 676 3043 valvulis
719 2993 1059 3042 exterioribus
1107 2992 1263 3055 duplo
1315 2991 1652 3039 brevioribus.
1709 2992 1762 3049 0⁷⁸
1819 3017 1881 3023 —-
1929 2989 2136 3037 Femina

223 3068 413 3128 ignota.
471 3069 602 3114 st'ees
641 3067 700 3113 ab
738 3065 911 3119 Esenb.
982 3061 1158 3110 Restio
1200 3061 1614 3108 membranaceus
1648 3062 1794 3124 Zeyli.
1834 3067 1876 3106 el
1912 3061 2044 3108 Nee-s
2077 3061 2136 3108 ab

226 3138 397 3184 Esenb.
438 3144 490 3184 in
526 3138 595 3186 Ν.
635 3140 750 3184 Act.
790 3139 882 3184 Ac.
921 3154 970 3182 n.
1012 3153 1115 3181 cur.
1165 3131 1280 3179 XV.
1317 3133 1363 3181 2.
1409 3151 1450 3179 c.
1479 3138 1544 3178 ic.
1577 3131 1848 3178 ined.]Vees
1871 3130 1929 3176 ab
1960 3131 2135 3189 Eseytb.

225 3213 277 3254 in
313 3209 538 3254 Limzaea
575 3208 619 3255 5.
658 3207 775 3255 658.
817 3207 861 3254 7.
901 3206 1016 3253 617.
1057 3204 1193 3251 Eclcl.
1236 3203 1364 3249 herb.
1404 3222 1452 3252 η.
1493 3201 1611 3250 836.
1676 3197 1854 3245 Restio
1897 3200 2137 3247 interme-

227 3275 341 3322 dius
377 3278 539 3324 Steud.
583 3283 632 3324 in
671 3279 826 3324 Flora
866 3275 1016 3325 1899.
1073 3276 1118 3321 1.
1159 3273 1271 3322 132.
1306 3272 1346 3334 *)
1393 3299 1456 3307 -—
1504 3268 1626 3333 Cap.
1674 3269 1719 3318 b.
1762 3270 1886 3333 spei.
1937 3302 1997 3309 —
2037 3269 2136 3318 Re-

338 3518 379 3573 ¹³)
409 3515 669 3561 Intermedii
701 3531 878 3572 nomen,
918 3529 995 3576 per
1034 3534 1084 3563 se
1129 3519 1304 3575 quidem
1346 3532 1433 3561 non
1472 3519 1584 3560 satis
1625 3518 1992 3570 commendatum,
2035 3518 2137 3560 huic

229 3575 398 3632 speciei
429 3573 547 3617 haud
579 3573 898 3617 restituendum
932 3591 1035 3619 esse
1070 3577 1380 3627 censebamus,
1409 3588 1520 3627 curn,
1557 3589 1664 3631 quas
1699 3576 1816 3618 inter
1836 3577 2013 3631 species
2047 3589 2134 3619 me-

230 3633 304 3677 dia
337 3633 452 3678 hacc
484 3628 750 3683 intercedat,
781 3633 1036 3689 neutiquam
1069 3639 1278 3676 constare
1305 3632 1544 3676 videretur.
1579 3631 1699 3675 Nees
1731 3634 1785 3675 ab
1819 3632 1984 3676 Esenb.
