2231 3937
464 486 898 548 FLUVIALES
935 502 1150 558 VENT„
1213 505 1266 545 L.
1311 504 1362 546 c,
1408 503 1567 545 Rieu.

82 606 314 674 Najatles
350 607 495 661 Juss.
538 625 604 658 ex
643 611 808 673 parte.
859 604 1251 734 Poggimcphilae
1286 604 1435 656 Rich.
1474 605 1613 658 olim.
1679 603 1951 673 Najadeae

958 698 970 717 ⁴
987 686 1052 734 nd
1079 722 1090 734 .

218 796 261 848 F
264 797 404 849 lores
440 797 582 862 nudi,
621 793 844 846 masculi
887 799 940 845 et
980 791 1188 844 feminei
1224 793 1275 844 in
1317 794 1500 845 eadem
1537 794 1622 847 vel
1654 794 1706 845 in
1743 795 1954 846 distinc-

82 885 152 936 tis
182 886 394 956 plantis,
431 885 482 935 hi
523 886 591 934 ad
623 883 870 953 pistillum
915 882 1152 952 simplex,
1202 881 1276 933 illi
1315 884 1384 934 ad
1417 889 1625 934 stamen
1663 884 1953 936 solitarium

82 975 303 1041 redacti,
339 974 593 1024 interdum
645 991 740 1042 per
788 979 1067 1038 quaternos
1080 1010 1097 1038 9
1133 977 1354 1023 octonos
1389 971 1474 1025 vel
1511 975 1674 1025 (lenos
1713 973 1955 1041 congesti

83 1062 343 1132 floresque
372 1060 661 1112 referentes
705 1061 1396 1130 psendo-hermaphroditos.
1471 1061 1691 1113 Stamen
1727 1080 1956 1113 nonnun-

85 1168 243 1219 quam
278 1152 470 1219 spatha
507 1150 931 1219 calyptraeformi
971 1150 1245 1215 inclusum,
1294 1150 1564 1203 rarissime
1610 1152 1827 1203 bractea
1866 1151 1956 1201 sti-

83 1247 275 1308 patum.
341 1241 583 1293 Anthera
622 1239 826 1290 sessilis
872 1238 958 1292 vel
991 1239 1257 1292 filamento
1295 1240 1531 1306 suffulta,
1576 1241 1680 1290 1-2-
1715 1240 1799 1292 vel
1832 1239 1958 1291 4-10.

83 1328 296 1381 cularis.
395 1330 644 1382 Ovarium
699 1328 916 1395 sessile,
976 1329 1146 1380 rarius
1202 1329 1527 1399 stipitatum,
1586 1328 1955 1391 l-ovulatum3

84 1419 239 1471 evulo
274 1426 472 1486 erecto,
513 1420 867 1472 descendente
911 1417 997 1471 vel
1033 1418 1273 1486 pendulo.
1347 1418 1530 1483 Stylus
1569 1419 1596 1467 l
1644 1416 1731 1470 vel
1766 1416 1956 1468 nullus.

86 1507 357 1576 Stigmata
401 1510 499 1560 1-3.
577 1509 803 1560 Fructus
852 1508 1023 1576 magis
1064 1508 1302 1560 minusve
1346 1524 1640 1573 exsuccUS‚
1701 1506 1958 1558 interdum

83 1598 498 1666 subtlrupaceuS‚
547 1616 974 1668 monospermuS,
1039 1596 1391 1649 indehiscens.
1490 1596 1684 1648 Semen
1731 1602 1958 1647 erectum

83 1686 169 1738 vel
218 1686 429 1756 saepius
478 1705 808 1756 suspensum.
899 1686 1126 1751 Embryo
1176 1686 1624 1750 exalbuminosus,
1665 1684 1797 1735 rima
1832 1684 1958 1736 late·

85 1774 183 1826 rali
223 1776 538 1842 iiistructuS‚
589 1777 921 1828 extremitate
966 1776 1246 1827 ratliculari
1294 1775 1622 1825 incrassatus
1666 1779 1958 1843 (macropo·

86 1865 222 1930 (lus),
263 1866 623 1932 cotyledonari
659 1866 864 1916 tenuior
896 1866 1068 1934 ibique
1102 1869 1300 1928 rectuS‚
1321 1862 1842 1915 uncinato-curvatus
1873 1863 1961 1915 vel

85 1954 351 2021 spiraliter
393 1954 632 2007 inflexus.
717 1955 967 2006 Plantae
1008 1946 1301 2020 aquaticae
1320 1988 1334 2013 ‚
1381 1949 1691 2002 submersae
1702 1989 1717 2017 ,
1766 1954 1960 2004 rarius

85 2053 367 2097 natantes,
446 2042 611 2094 Folia
645 2061 859 2112 sparsa,
900 2042 1192 2092 rarissime
1227 2042 1482 2108 opposita
1522 2040 1611 2091 vel
1640 2049 1822 2107 terna,
1846 2042 1963 2109 ple-

86 2151 317 2200 rumque
363 2141 636 2201 angusta,
683 2131 971 2198 stipulata.
1057 2128 1317 2195 Stz'pulae
1369 2129 1526 2177 inter
1570 2146 1628 2178 se
1690 2140 1963 2181 coartatae

89 2223 179 2274 vel
206 2241 323 2273 mea
359 2240 480 2272 eum
506 2219 718 2289 petz'olo
752 2221 815 2270 in
849 2221 1110 2286 vaginam
1148 2216 1402 2268 malitae.
1451 2214 1510 2265 F
1503 2216 1652 2268 lore-§¹
1687 2218 1963 2270 axz’llares

88 2313 179 2364 vel
209 2310 548 2375 ter-mahala,
584 2308 856 2374 solitarii,
909 2305 1314 2376 subglomeratz’
1345 2304 1434 2357 vel
1464 2307 1685 2375 spicati.

223 2441 264 2495 I.
332 2437 729 2492 NAJADEAE.
813 2436 998 2502 Stylus
1046 2434 1407 2489 brevissimus.
1488 2436 1757 2505 Stigmata
1799 2439 1832 2489 3
1879 2440 1965 2493 vel

88 2523 142 2587 2,
190 2522 454 2588 elongata.
528 2519 721 2571 Semen
767 2524 1013 2570 erectum.
1082 2515 1315 2580 Embryo
1360 2520 1556 2567 rectus,
1630 2517 1808 2570 Pollen
1853 2519 1963 2588 glo-

93 2602 289 2655 bosum.
353 2598 519 2653 Folia
554 2609 718 2651 terna
758 2599 1088 2667 oppositam,
1124 2597 1368 2662 enervia,
1404 2598 1924 2664 repando-dentata.

520 2748 731 2798 NAJAS
768 2762 955 2809 mxx„
993 2760 1222 2796 BROWN.
1245 2746 1313 2808 *)‚
1354 2759 1534 2795 ENDL.

643 2853 870 2901 Cauliuia
912 2851 1116 2913 Willd.‚
1163 2850 1307 2898 Endl.
1338 2850 1415 2911 **)

225 2960 410 3012 Flores
449 2957 618 3010 dioeci
653 2955 733 3008 vel
769 2954 1022 3019 monceci,
1060 2954 1200 3019 nudi,
1233 2955 1284 3005 in
1317 2952 1490 3004 axillis
1527 2953 1771 3006 foliorum
1809 2958 1963 3008 sessi-

93 3044 191 3108 lcS‚
227 3039 450 3093 solitarii
500 3038 576 3101 (in
624 3035 865 3088 Caulinia
926 3034 1125 3086 Willd.
1172 3033 1594 3100 subglomerati);
1636 3035 1858 3086 masculi
1895 3038 1963 3089 ad

95 3130 301 3174 stamen
337 3119 631 3172 solitarium
664 3115 880 3179 redacti,
915 3114 1105 3184 singuli
1139 3114 1332 3182 spatha
1366 3113 1789 3183 calyptraefcrmi
1825 3118 1965 3185 (spa-

202 3348 243 3401 ἧς)
275 3346 328 3388 lll
356 3345 530 3388 Brown.
578 3343 823 3388 Cauliniam
867 3359 963 3388 cum
1008 3343 1177 3397 Najade
1212 3342 1451 3398 conjungit,
1491 3356 1616 3398 quam
1656 3344 1710 3384 ob
1752 3346 1963 3386 seminum

98 3406 357 3445 structuram
404 3403 459 3445 ad
499 3404 661 3445 calcem
697 3401 1154 3459 Hydrocharidearum
1188 3401 1352 3454 posuit,
1382 3400 1646 3451 observans,
1689 3413 1772 3441 nec
1813 3402 1965 3442 habitu

98 3459 275 3501 multum
317 3462 535 3502 diversam
578 3473 678 3500 esse
721 3461 775 3500 ab
808 3458 975 3500 Elcdea
1006 3456 1139 3498 Mich.
1185 3461 1230 3496 et
1260 3454 1487 3511 Serpicula
1520 3456 1784 3500 verticillata
1811 3456 1964 3510 Linn.⁹

95 3528 233 3571 genus
269 3516 516 3558 distinctum
550 3529 684 3572 prope
715 3514 1026 3557 Vallisneriam
1055 3511 1330 3555 cfformante.

204 3591 263 3644 ἐξ)
293 3591 443 3634 Genus
474 3593 618 3647 potius
648 3590 990 3633 restituendum?
