<?xml version="1.0" encoding="UTF-8"?>
<!DOCTYPE html PUBLIC "-//W3C//DTD XHTML 1.0 Transitional//EN"
    "http://www.w3.org/TR/xhtml1/DTD/xhtml1-transitional.dtd">
<html xmlns="http://www.w3.org/1999/xhtml" xml:lang="en" lang="en">
 <head>
  <title>
</title>
<meta http-equiv="Content-Type" content="text/html;charset=utf-8" />
  <meta name='ocr-system' content='tesseract 3.04.00' />
  <meta name='ocr-capabilities' content='ocr_page ocr_carea ocr_par ocr_line ocrx_word'/>
</head>
<body>
  <div class='ocr_page' id='page_1' title='image "./enumeratioplanta03kunt_0181.png"; bbox 0 0 2231 3937; ppageno 0'>
   <div class='ocr_carea' id='block_1_1' title="bbox 787 177 1979 238">
    <p class='ocr_par' dir='ltr' id='par_1_1' title="bbox 787 177 1979 238">
     <span class='ocr_line' id='line_1_1' title="bbox 787 177 1979 238; baseline 0 0"><span class='ocrx_word' id='word_1_1' title='bbox 787 177 1108 238; x_wconf 87' lang='lat' dir='ltr'><strong>PALMAE</strong></span> <span class='ocrx_word' id='word_1_2' title='bbox 1154 193 1300 236; x_wconf 76' lang='lat' dir='ltr'>JUSS.</span> <span class='ocrx_word' id='word_1_3' title='bbox 1865 181 1979 238; x_wconf 88' lang='grc'>169</span> 
     </span>
    </p>
   </div>
   <div class='ocr_carea' id='block_1_2' title="bbox 105 320 1999 3145">
    <p class='ocr_par' dir='ltr' id='par_1_2' title="bbox 105 320 1999 3145">
     <span class='ocr_line' id='line_1_2' title="bbox 106 320 1981 395; baseline -0.001 -17"><span class='ocrx_word' id='word_1_4' title='bbox 106 326 550 395; x_wconf 79' lang='lat' dir='ltr'>lignoso-osseum</span> <span class='ocrx_word' id='word_1_5' title='bbox 600 326 686 380; x_wconf 75' lang='lat' dir='ltr'>vel</span> <span class='ocrx_word' id='word_1_6' title='bbox 730 325 1009 393; x_wconf 86' lang='lat' dir='ltr'>lapideum.</span> <span class='ocrx_word' id='word_1_7' title='bbox 1091 324 1286 377; x_wconf 86' lang='lat' dir='ltr'>Semen</span> <span class='ocrx_word' id='word_1_8' title='bbox 1333 323 1572 393; x_wconf 81' lang='lat' dir='ltr'>(nucleus</span> <span class='ocrx_word' id='word_1_9' title='bbox 1609 320 1794 387; x_wconf 76' lang='lat' dir='ltr'>Mart.)</span> <span class='ocrx_word' id='word_1_10' title='bbox 1842 323 1981 376; x_wconf 86' lang='lat' dir='ltr'>loeu-</span> 
     </span>
     <span class='ocr_line' id='line_1_3' title="bbox 105 409 1985 482; baseline -0.002 -16"><span class='ocrx_word' id='word_1_11' title='bbox 105 413 212 466; x_wconf 87' lang='lat' dir='ltr'>lum</span> <span class='ocrx_word' id='word_1_12' title='bbox 241 413 471 482; x_wconf 81' lang='lat' dir='ltr'>replenS,</span> <span class='ocrx_word' id='word_1_13' title='bbox 520 421 730 468; x_wconf 72' lang='lat' dir='ltr'>ovatum</span> <span class='ocrx_word' id='word_1_14' title='bbox 778 410 863 463; x_wconf 85' lang='lat' dir='ltr'>vel</span> <span class='ocrx_word' id='word_1_15' title='bbox 911 411 1262 479; x_wconf 81' lang='lat' dir='ltr'>sphaericum,</span> <span class='ocrx_word' id='word_1_16' title='bbox 1307 418 1540 464; x_wconf 84' lang='lat' dir='ltr'>ereetum</span> <span class='ocrx_word' id='word_1_17' title='bbox 1576 411 1663 463; x_wconf 77' lang='lat' dir='ltr'>vel</span> <span class='ocrx_word' id='word_1_18' title='bbox 1697 409 1985 462; x_wconf 73' lang='lat' dir='ltr'>lateraliter</span> 
     </span>
     <span class='ocr_line' id='line_1_4' title="bbox 109 497 1987 571; baseline -0.001 -19"><span class='ocrx_word' id='word_1_19' title='bbox 109 501 527 571; x_wconf 86' lang='lat' dir='ltr'>subappensum3</span> <span class='ocrx_word' id='word_1_20' title='bbox 564 499 823 554; x_wconf 86' lang='lat' dir='ltr'>funiculus</span> <span class='ocrx_word' id='word_1_21' title='bbox 872 499 962 552; x_wconf 79' lang='lat' dir='ltr'>vix</span> <span class='ocrx_word' id='word_1_22' title='bbox 995 500 1131 552; x_wconf 90' lang='lat' dir='ltr'>ullus</span> <span class='ocrx_word' id='word_1_23' title='bbox 1169 501 1503 568; x_wconf 86' lang='lat' dir='ltr'>conspicuus.</span> <span class='ocrx_word' id='word_1_24' title='bbox 1537 498 1740 568; x_wconf 84' lang='lat' dir='ltr'>(Mart.)</span> <span class='ocrx_word' id='word_1_25' title='bbox 1814 497 1987 550; x_wconf 88' lang='lat' dir='ltr'>Testa</span> 
     </span>
     <span class='ocr_line' id='line_1_5' title="bbox 109 587 1986 659; baseline -0.001 -19"><span class='ocrx_word' id='word_1_26' title='bbox 109 607 228 640; x_wconf 87' lang='lat' dir='ltr'>eum</span> <span class='ocrx_word' id='word_1_27' title='bbox 276 590 574 659; x_wconf 69' lang='lat' dir='ltr'>encloearpii</span> <span class='ocrx_word' id='word_1_28' title='bbox 617 587 893 656; x_wconf 82' lang='lat' dir='ltr'>superficie</span> <span class='ocrx_word' id='word_1_29' title='bbox 941 589 1147 640; x_wconf 88' lang='lat' dir='ltr'>interna</span> <span class='ocrx_word' id='word_1_30' title='bbox 1192 589 1497 656; x_wconf 86' lang='lat' dir='ltr'>plerumque</span> <span class='ocrx_word' id='word_1_31' title='bbox 1538 587 1711 655; x_wconf 74' lang='lat' dir='ltr'>magis</span> <span class='ocrx_word' id='word_1_32' title='bbox 1751 587 1986 638; x_wconf 86' lang='lat' dir='ltr'>minusve</span> 
     </span>
     <span class='ocr_line' id='line_1_6' title="bbox 110 674 1990 746; baseline -0.002 -18"><span class='ocrx_word' id='word_1_33' title='bbox 110 676 305 730; x_wconf 87' lang='lat' dir='ltr'>coalita</span> <span class='ocrx_word' id='word_1_34' title='bbox 335 682 552 746; x_wconf 87' lang='lat' dir='ltr'>ejusque</span> <span class='ocrx_word' id='word_1_35' title='bbox 584 675 727 727; x_wconf 75' lang='lat' dir='ltr'>vasis</span> <span class='ocrx_word' id='word_1_36' title='bbox 759 676 1161 727; x_wconf 80' lang='lat' dir='ltr'>cohaerentibus</span> <span class='ocrx_word' id='word_1_37' title='bbox 1189 692 1408 740; x_wconf 79' lang='lat' dir='ltr'>venosa,</span> <span class='ocrx_word' id='word_1_38' title='bbox 1432 675 1632 742; x_wconf 83' lang='lat' dir='ltr'>rhaphe</span> <span class='ocrx_word' id='word_1_39' title='bbox 1666 677 1733 725; x_wconf 86' lang='lat' dir='ltr'>ad</span> <span class='ocrx_word' id='word_1_40' title='bbox 1766 674 1990 726; x_wconf 87' lang='lat' dir='ltr'>medium</span> 
     </span>
     <span class='ocr_line' id='line_1_7' title="bbox 108 760 1990 836; baseline -0.002 -19"><span class='ocrx_word' id='word_1_41' title='bbox 108 766 195 818; x_wconf 76' lang='lat' dir='ltr'>vel</span> <span class='ocrx_word' id='word_1_42' title='bbox 232 768 435 836; x_wconf 86' lang='lat' dir='ltr'>apicem</span> <span class='ocrx_word' id='word_1_43' title='bbox 469 764 801 834; x_wconf 75' lang='lat' dir='ltr'>pertingente</span> <span class='ocrx_word' id='word_1_44' title='bbox 839 763 1051 832; x_wconf 89' lang='lat' dir='ltr'>saepius</span> <span class='ocrx_word' id='word_1_45' title='bbox 1086 768 1290 814; x_wconf 87' lang='lat' dir='ltr'>notata.</span> <span class='ocrx_word' id='word_1_46' title='bbox 1341 760 1602 814; x_wconf 88' lang='lat' dir='ltr'>Albumen</span> <span class='ocrx_word' id='word_1_47' title='bbox 1639 764 1872 828; x_wconf 83' lang='lat' dir='ltr'>densum,</span> <span class='ocrx_word' id='word_1_48' title='bbox 1901 781 1990 814; x_wconf 91' lang='lat' dir='ltr'>nu-</span> 
     </span>
     <span class='ocr_line' id='line_1_8' title="bbox 111 849 1986 923; baseline -0.003 -17"><span class='ocrx_word' id='word_1_49' title='bbox 111 854 280 907; x_wconf 81' lang='lat' dir='ltr'>cleum</span> <span class='ocrx_word' id='word_1_50' title='bbox 314 854 543 923; x_wconf 75' lang='lat' dir='ltr'>replens,</span> <span class='ocrx_word' id='word_1_51' title='bbox 583 852 858 922; x_wconf 72' lang='lat' dir='ltr'>aequabile</span> <span class='ocrx_word' id='word_1_52' title='bbox 902 852 991 905; x_wconf 80' lang='lat' dir='ltr'>vel</span> <span class='ocrx_word' id='word_1_53' title='bbox 1021 850 1520 916; x_wconf 77' lang='lat' dir='ltr'>fibroso-radiatum,</span> <span class='ocrx_word' id='word_1_54' title='bbox 1570 849 1986 918; x_wconf 76' lang='lat' dir='ltr'>cartilagineum,</span> 
     </span>
     <span class='ocr_line' id='line_1_9' title="bbox 111 938 1991 1010; baseline -0.003 -16"><span class='ocrx_word' id='word_1_55' title='bbox 111 961 356 995; x_wconf 82' lang='lat' dir='ltr'>corneum</span> <span class='ocrx_word' id='word_1_56' title='bbox 390 941 475 994; x_wconf 81' lang='lat' dir='ltr'>vel</span> <span class='ocrx_word' id='word_1_57' title='bbox 499 941 848 1010; x_wconf 72' lang='lat' dir='ltr'>subligneum,</span> <span class='ocrx_word' id='word_1_58' title='bbox 877 940 1127 1007; x_wconf 83' lang='lat' dir='ltr'>lacteum,</span> <span class='ocrx_word' id='word_1_59' title='bbox 1159 940 1358 992; x_wconf 85' lang='lat' dir='ltr'>siceum</span> <span class='ocrx_word' id='word_1_60' title='bbox 1380 939 1467 991; x_wconf 77' lang='lat' dir='ltr'>vel</span> <span class='ocrx_word' id='word_1_61' title='bbox 1492 938 1744 1001; x_wconf 84' lang='lat' dir='ltr'>oleosum,</span> <span class='ocrx_word' id='word_1_62' title='bbox 1770 939 1991 991; x_wconf 87' lang='lat' dir='ltr'>solidum</span> 
     </span>
     <span class='ocr_line' id='line_1_10' title="bbox 109 1027 1990 1097; baseline -0.003 -14"><span class='ocrx_word' id='word_1_63' title='bbox 109 1031 198 1083; x_wconf 75' lang='lat' dir='ltr'>vel</span> <span class='ocrx_word' id='word_1_64' title='bbox 219 1031 446 1083; x_wconf 80' lang='lat' dir='ltr'>cavitate</span> <span class='ocrx_word' id='word_1_65' title='bbox 473 1030 693 1082; x_wconf 86' lang='lat' dir='ltr'>centrali</span> <span class='ocrx_word' id='word_1_66' title='bbox 720 1029 805 1083; x_wconf 82' lang='lat' dir='ltr'>vel</span> <span class='ocrx_word' id='word_1_67' title='bbox 827 1029 1054 1083; x_wconf 80' lang='lat' dir='ltr'>ventrali</span> <span class='ocrx_word' id='word_1_68' title='bbox 1077 1029 1426 1097; x_wconf 81' lang='lat' dir='ltr'>exsculptum,</span> <span class='ocrx_word' id='word_1_69' title='bbox 1454 1027 1594 1080; x_wconf 87' lang='lat' dir='ltr'>haud</span> <span class='ocrx_word' id='word_1_70' title='bbox 1619 1047 1739 1080; x_wconf 87' lang='lat' dir='ltr'>raro</span> <span class='ocrx_word' id='word_1_71' title='bbox 1757 1027 1990 1097; x_wconf 87' lang='lat' dir='ltr'>(saepius</span> 
     </span>
     <span class='ocr_line' id='line_1_11' title="bbox 108 1116 1990 1188; baseline -0.002 -18"><span class='ocrx_word' id='word_1_72' title='bbox 108 1118 283 1186; x_wconf 82' lang='lat' dir='ltr'>Endl.)</span> <span class='ocrx_word' id='word_1_73' title='bbox 314 1119 466 1188; x_wconf 84' lang='lat' dir='ltr'>plicis</span> <span class='ocrx_word' id='word_1_74' title='bbox 497 1124 672 1171; x_wconf 87' lang='lat' dir='ltr'>testae</span> <span class='ocrx_word' id='word_1_75' title='bbox 705 1125 759 1171; x_wconf 91' lang='lat' dir='ltr'>et</span> <span class='ocrx_word' id='word_1_76' title='bbox 791 1119 938 1172; x_wconf 83' lang='lat' dir='ltr'>vasis</span> <span class='ocrx_word' id='word_1_77' title='bbox 985 1118 1285 1186; x_wconf 86' lang='lat' dir='ltr'>endoearpii</span> <span class='ocrx_word' id='word_1_78' title='bbox 1319 1117 1366 1169; x_wconf 91' lang='lat' dir='ltr'>ei</span> <span class='ocrx_word' id='word_1_79' title='bbox 1399 1116 1625 1168; x_wconf 83' lang='lat' dir='ltr'>adnexis</span> <span class='ocrx_word' id='word_1_80' title='bbox 1661 1116 1990 1168; x_wconf 82' lang='lat' dir='ltr'>ruminatum.</span> 
     </span>
     <span class='ocr_line' id='line_1_12' title="bbox 107 1205 1994 1274; baseline -0.002 -15"><span class='ocrx_word' id='word_1_81' title='bbox 107 1206 337 1272; x_wconf 79' lang='lat' dir='ltr'>Embryo</span> <span class='ocrx_word' id='word_1_82' title='bbox 371 1207 643 1270; x_wconf 81' lang='lat' dir='ltr'>indivisuS‚</span> <span class='ocrx_word' id='word_1_83' title='bbox 680 1208 895 1260; x_wconf 86' lang='lat' dir='ltr'>conieus</span> <span class='ocrx_word' id='word_1_84' title='bbox 932 1208 1018 1260; x_wconf 78' lang='lat' dir='ltr'>vel</span> <span class='ocrx_word' id='word_1_85' title='bbox 1061 1206 1397 1272; x_wconf 79' lang='lat' dir='ltr'>cylindrieuS,</span> <span class='ocrx_word' id='word_1_86' title='bbox 1449 1206 1501 1257; x_wconf 86' lang='lat' dir='ltr'>in</span> <span class='ocrx_word' id='word_1_87' title='bbox 1531 1205 1744 1258; x_wconf 79' lang='lat' dir='ltr'>foveola</span> <span class='ocrx_word' id='word_1_88' title='bbox 1778 1205 1994 1274; x_wconf 86' lang='lat' dir='ltr'>propria</span> 
     </span>
     <span class='ocr_line' id='line_1_13' title="bbox 109 1294 1994 1367; baseline -0.003 -20"><span class='ocrx_word' id='word_1_89' title='bbox 109 1295 381 1347; x_wconf 85' lang='lat' dir='ltr'>albuminis</span> <span class='ocrx_word' id='word_1_90' title='bbox 413 1299 572 1362; x_wconf 82' lang='lat' dir='ltr'>juxta</span> <span class='ocrx_word' id='word_1_91' title='bbox 608 1298 818 1349; x_wconf 88' lang='lat' dir='ltr'>seminis</span> <span class='ocrx_word' id='word_1_92' title='bbox 863 1296 1230 1367; x_wconf 84' lang='lat' dir='ltr'>peripheriam,</span> <span class='ocrx_word' id='word_1_93' title='bbox 1267 1296 1417 1347; x_wconf 77' lang='lat' dir='ltr'>varia</span> <span class='ocrx_word' id='word_1_94' title='bbox 1458 1314 1491 1346; x_wconf 90' lang='lat' dir='ltr'>a</span> <span class='ocrx_word' id='word_1_95' title='bbox 1524 1300 1720 1364; x_wconf 85' lang='lat' dir='ltr'>puncto</span> <span class='ocrx_word' id='word_1_96' title='bbox 1756 1294 1994 1344; x_wconf 86' lang='lat' dir='ltr'>insertio-</span> 
     </span>
     <span class='ocr_line' id='line_1_14' title="bbox 106 1383 1993 1455; baseline -0.002 -19"><span class='ocrx_word' id='word_1_97' title='bbox 106 1384 188 1436; x_wconf 88' lang='lat' dir='ltr'>nis</span> <span class='ocrx_word' id='word_1_98' title='bbox 225 1385 474 1437; x_wconf 85' lang='lat' dir='ltr'>distantia</span> <span class='ocrx_word' id='word_1_99' title='bbox 505 1385 712 1438; x_wconf 77' lang='lat' dir='ltr'>locatus</span> <span class='ocrx_word' id='word_1_100' title='bbox 746 1386 1123 1455; x_wconf 88' lang='lat' dir='ltr'>albuminisque</span> <span class='ocrx_word' id='word_1_101' title='bbox 1163 1389 1331 1435; x_wconf 87' lang='lat' dir='ltr'>strato</span> <span class='ocrx_word' id='word_1_102' title='bbox 1363 1383 1524 1449; x_wconf 90' lang='lat' dir='ltr'>tenui,</span> <span class='ocrx_word' id='word_1_103' title='bbox 1558 1388 1807 1451; x_wconf 84' lang='lat' dir='ltr'>tanquam</span> <span class='ocrx_word' id='word_1_104' title='bbox 1842 1398 1993 1450; x_wconf 90' lang='lat' dir='ltr'>oper-</span> 
     </span>
     <span class='ocr_line' id='line_1_15' title="bbox 109 1471 1996 1540; baseline -0.003 -14"><span class='ocrx_word' id='word_1_105' title='bbox 109 1472 248 1540; x_wconf 79' lang='lat' dir='ltr'>euJO,</span> <span class='ocrx_word' id='word_1_106' title='bbox 285 1479 487 1536; x_wconf 84' lang='lat' dir='ltr'>tectus3</span> <span class='ocrx_word' id='word_1_107' title='bbox 523 1475 856 1527; x_wconf 76' lang='lat' dir='ltr'>extremitate</span> <span class='ocrx_word' id='word_1_108' title='bbox 892 1472 1173 1526; x_wconf 81' lang='lat' dir='ltr'>radiculari</span> <span class='ocrx_word' id='word_1_109' title='bbox 1210 1471 1422 1523; x_wconf 87' lang='lat' dir='ltr'>seminis</span> <span class='ocrx_word' id='word_1_110' title='bbox 1459 1471 1811 1540; x_wconf 79' lang='lat' dir='ltr'>peripheriam</span> <span class='ocrx_word' id='word_1_111' title='bbox 1848 1488 1996 1539; x_wconf 85' lang='lat' dir='ltr'>spee-</span> 
     </span>
     <span class='ocr_line' id='line_1_16' title="bbox 107 1558 1993 1633; baseline -0.001 -21"><span class='ocrx_word' id='word_1_112' title='bbox 107 1567 254 1614; x_wconf 87' lang='lat' dir='ltr'>tante</span> <span class='ocrx_word' id='word_1_113' title='bbox 290 1566 452 1630; x_wconf 82' lang='lat' dir='ltr'>juxta</span> <span class='ocrx_word' id='word_1_114' title='bbox 492 1564 691 1630; x_wconf 76' lang='lat' dir='ltr'>basini,</span> <span class='ocrx_word' id='word_1_115' title='bbox 749 1562 1097 1633; x_wconf 86' lang='lat' dir='ltr'>peripheriam</span> <span class='ocrx_word' id='word_1_116' title='bbox 1146 1559 1231 1613; x_wconf 84' lang='lat' dir='ltr'>vel</span> <span class='ocrx_word' id='word_1_117' title='bbox 1281 1559 1485 1628; x_wconf 86' lang='lat' dir='ltr'>apicem</span> <span class='ocrx_word' id='word_1_118' title='bbox 1535 1559 1737 1611; x_wconf 79' lang='lat' dir='ltr'>fruetus</span> <span class='ocrx_word' id='word_1_119' title='bbox 1776 1558 1993 1611; x_wconf 83' lang='lat' dir='ltr'>directa.</span> 
     </span>
     <span class='ocr_line' id='line_1_17' title="bbox 108 1647 1995 1720; baseline -0.003 -16"><span class='ocrx_word' id='word_1_120' title='bbox 108 1650 310 1717; x_wconf 82' lang='lat' dir='ltr'>(Mart.,</span> <span class='ocrx_word' id='word_1_121' title='bbox 350 1651 555 1720; x_wconf 81' lang='lat' dir='ltr'>Endl.);</span> <span class='ocrx_word' id='word_1_122' title='bbox 600 1652 961 1719; x_wconf 75' lang='lat' dir='ltr'>cotyledonari</span> <span class='ocrx_word' id='word_1_123' title='bbox 988 1651 1036 1718; x_wconf 73' lang='lat'>*)</span> <span class='ocrx_word' id='word_1_124' title='bbox 1083 1649 1467 1720; x_wconf 77' lang='lat' dir='ltr'>germinatione</span> <span class='ocrx_word' id='word_1_125' title='bbox 1513 1654 1672 1699; x_wconf 88' lang='lat' dir='ltr'>aucta</span> <span class='ocrx_word' id='word_1_126' title='bbox 1715 1654 1767 1698; x_wconf 82' lang='lat' dir='ltr'>et</span> <span class='ocrx_word' id='word_1_127' title='bbox 1802 1647 1995 1700; x_wconf 83' lang='lat' dir='ltr'>cavita-</span> 
     </span>
     <span class='ocr_line' id='line_1_18' title="bbox 106 1734 1997 1811; baseline -0.003 -20"><span class='ocrx_word' id='word_1_128' title='bbox 106 1746 213 1791; x_wconf 86' lang='lat' dir='ltr'>tem</span> <span class='ocrx_word' id='word_1_129' title='bbox 247 1742 698 1809; x_wconf 80' lang='lat' dir='ltr'>praeexistentem</span> <span class='ocrx_word' id='word_1_130' title='bbox 747 1742 836 1794; x_wconf 75' lang='lat' dir='ltr'>vel</span> <span class='ocrx_word' id='word_1_131' title='bbox 877 1739 1253 1811; x_wconf 79' lang='lat' dir='ltr'>liquefactione</span> <span class='ocrx_word' id='word_1_132' title='bbox 1300 1736 1455 1788; x_wconf 85' lang='lat' dir='ltr'>medii</span> <span class='ocrx_word' id='word_1_133' title='bbox 1499 1736 1774 1787; x_wconf 87' lang='lat' dir='ltr'>albuminis</span> <span class='ocrx_word' id='word_1_134' title='bbox 1805 1734 1997 1786; x_wconf 88' lang='lat' dir='ltr'>forma-</span> 
     </span>
     <span class='ocr_line' id='line_1_19' title="bbox 108 1822 1994 1900; baseline -0.003 -21"><span class='ocrx_word' id='word_1_135' title='bbox 108 1833 218 1879; x_wconf 87' lang='lat' dir='ltr'>tam</span> <span class='ocrx_word' id='word_1_136' title='bbox 263 1829 531 1899; x_wconf 83' lang='lat' dir='ltr'>replente3</span> <span class='ocrx_word' id='word_1_137' title='bbox 590 1831 822 1900; x_wconf 84' lang='lat' dir='ltr'>plumula</span> <span class='ocrx_word' id='word_1_138' title='bbox 885 1830 1116 1892; x_wconf 84' lang='lat' dir='ltr'>inclusa,</span> <span class='ocrx_word' id='word_1_139' title='bbox 1173 1843 1336 1893; x_wconf 75' lang='lat' dir='ltr'>aegre</span> <span class='ocrx_word' id='word_1_140' title='bbox 1398 1825 1681 1891; x_wconf 83' lang='lat' dir='ltr'>conspicua</span> <span class='ocrx_word' id='word_1_141' title='bbox 1726 1822 1994 1891; x_wconf 78' lang='lat' dir='ltr'>(Brown.).</span> 
     </span>
     <span class='ocr_line' id='line_1_20' title="bbox 111 1912 1996 1988; baseline -0.003 -19"><span class='ocrx_word' id='word_1_142' title='bbox 111 1917 305 1969; x_wconf 70' lang='lat' dir='ltr'>Radix</span> <span class='ocrx_word' id='word_1_143' title='bbox 351 1920 576 1988; x_wconf 79' lang='lat' dir='ltr'>palaris</span> <span class='ocrx_word' id='word_1_144' title='bbox 633 1937 766 1971; x_wconf 70' lang='lat' dir='ltr'>moa·</span> <span class='ocrx_word' id='word_1_145' title='bbox 818 1916 1068 1968; x_wconf 80' lang='lat' dir='ltr'>evanida.</span> <span class='ocrx_word' id='word_1_146' title='bbox 1115 1913 1368 1981; x_wconf 64' lang='lat' dir='ltr'>(liffccrt.)</span> <span class='ocrx_word' id='word_1_147' title='bbox 1454 1912 1768 1963; x_wconf 62' lang='lat' dir='ltr'>Badio-ulae</span> <span class='ocrx_word' id='word_1_148' title='bbox 1819 1913 1996 1982; x_wconf 85' lang='lat' dir='ltr'>pluri-</span> 
     </span>
     <span class='ocr_line' id='line_1_21' title="bbox 109 2000 1998 2075; baseline -0.003 -19"><span class='ocrx_word' id='word_1_149' title='bbox 109 2025 241 2071; x_wconf 82' lang='lat' dir='ltr'>mae,</span> <span class='ocrx_word' id='word_1_150' title='bbox 278 2006 689 2074; x_wconf 72' lang='lat' dir='ltr'>cylindraceae,</span> <span class='ocrx_word' id='word_1_151' title='bbox 720 2005 999 2075; x_wconf 72' lang='lat' dir='ltr'>simplices</span> <span class='ocrx_word' id='word_1_152' title='bbox 1023 2002 1110 2055; x_wconf 79' lang='lat' dir='ltr'>vel</span> <span class='ocrx_word' id='word_1_153' title='bbox 1138 2018 1407 2065; x_wconf 87' lang='lat' dir='ltr'>ramosae,</span> <span class='ocrx_word' id='word_1_154' title='bbox 1421 2000 1770 2066; x_wconf 81' lang='lat' dir='ltr'>fibrillosae,</span> <span class='ocrx_word' id='word_1_155' title='bbox 1794 2003 1856 2051; x_wconf 87' lang='lat' dir='ltr'>in</span> <span class='ocrx_word' id='word_1_156' title='bbox 1890 2017 1998 2051; x_wconf 86' lang='lat' dir='ltr'>mo-</span> 
     </span>
     <span class='ocr_line' id='line_1_22' title="bbox 112 2089 1995 2163; baseline -0.004 -17"><span class='ocrx_word' id='word_1_157' title='bbox 112 2094 218 2146; x_wconf 90' lang='lat' dir='ltr'>lem</span> <span class='ocrx_word' id='word_1_158' title='bbox 251 2096 520 2161; x_wconf 75' lang='lat' dir='ltr'>conicum,</span> <span class='ocrx_word' id='word_1_159' title='bbox 560 2113 721 2163; x_wconf 87' lang='lat' dir='ltr'>saepe</span> <span class='ocrx_word' id='word_1_160' title='bbox 755 2111 827 2146; x_wconf 65' lang='lat' dir='ltr'>ea:</span> <span class='ocrx_word' id='word_1_161' title='bbox 864 2102 1034 2162; x_wconf 85' lang='lat' dir='ltr'>parte</span> <span class='ocrx_word' id='word_1_162' title='bbox 1065 2090 1413 2159; x_wconf 74' lang='lat' dir='ltr'>hypogaeum</span> <span class='ocrx_word' id='word_1_163' title='bbox 1460 2089 1628 2139; x_wconf 84' lang='lat' dir='ltr'>clense</span> <span class='ocrx_word' id='word_1_164' title='bbox 1666 2097 1995 2155; x_wconf 72' lang='lat' dir='ltr'>compactae.</span> 
     </span>
     <span class='ocr_line' id='line_1_23' title="bbox 122 2177 1997 2252; baseline -0.004 -16"><span class='ocrx_word' id='word_1_165' title='bbox 122 2183 313 2236; x_wconf 82' lang='lat' dir='ltr'>Caulis</span> <span class='ocrx_word' id='word_1_166' title='bbox 354 2184 613 2252; x_wconf 70' lang='lat' dir='ltr'>(caudex)</span> <span class='ocrx_word' id='word_1_167' title='bbox 653 2183 972 2250; x_wconf 72' lang='lat' dir='ltr'>saepissime</span> <span class='ocrx_word' id='word_1_168' title='bbox 1011 2179 1298 2243; x_wconf 83' lang='lat' dir='ltr'>arboreus,</span> <span class='ocrx_word' id='word_1_169' title='bbox 1348 2177 1795 2246; x_wconf 85' lang='lat' dir='ltr'>simplicissimus</span> <span class='ocrx_word' id='word_1_170' title='bbox 1836 2182 1997 2240; x_wconf 86' lang='lat' dir='ltr'>(raro</span> 
     </span>
     <span class='ocr_line' id='line_1_24' title="bbox 105 2264 1998 2342; baseline -0.004 -18"><span class='ocrx_word' id='word_1_171' title='bbox 105 2282 274 2340; x_wconf 82' lang='lat' dir='ltr'>parte</span> <span class='ocrx_word' id='word_1_172' title='bbox 302 2272 591 2342; x_wconf 73' lang='lat' dir='ltr'>hypogaea</span> <span class='ocrx_word' id='word_1_173' title='bbox 624 2271 1252 2338; x_wconf 84' lang='lat' dir='ltr'>caespitoso-ramosus),</span> <span class='ocrx_word' id='word_1_174' title='bbox 1299 2265 1592 2318; x_wconf 75' lang='lat' dir='ltr'>rarissime</span> <span class='ocrx_word' id='word_1_175' title='bbox 1627 2266 1782 2332; x_wconf 85' lang='lat' dir='ltr'>apice</span> <span class='ocrx_word' id='word_1_176' title='bbox 1814 2264 1998 2317; x_wconf 73' lang='lat' dir='ltr'>clicho-</span> 
     </span>
     <span class='ocr_line' id='line_1_25' title="bbox 111 2354 1999 2429; baseline -0.003 -17"><span class='ocrx_word' id='word_1_177' title='bbox 111 2370 309 2428; x_wconf 70' lang='lat' dir='ltr'>tomuS,</span> <span class='ocrx_word' id='word_1_178' title='bbox 352 2361 750 2429; x_wconf 75' lang='lat' dir='ltr'>cylindraceus,</span> <span class='ocrx_word' id='word_1_179' title='bbox 775 2359 1060 2411; x_wconf 84' lang='lat' dir='ltr'>interdum</span> <span class='ocrx_word' id='word_1_180' title='bbox 1083 2357 1449 2422; x_wconf 77' lang='lat' dir='ltr'>ventricosus,</span> <span class='ocrx_word' id='word_1_181' title='bbox 1482 2355 1696 2421; x_wconf 78' lang='lat' dir='ltr'>enodis,</span> <span class='ocrx_word' id='word_1_182' title='bbox 1733 2354 1999 2407; x_wconf 74' lang='lat' dir='ltr'>horizon-</span> 
     </span>
     <span class='ocr_line' id='line_1_26' title="bbox 113 2442 1998 2518; baseline -0.004 -16"><span class='ocrx_word' id='word_1_183' title='bbox 113 2451 307 2502; x_wconf 85' lang='lat' dir='ltr'>taliter</span> <span class='ocrx_word' id='word_1_184' title='bbox 341 2453 645 2503; x_wconf 68' lang='lat' dir='ltr'>annvclatus</span> <span class='ocrx_word' id='word_1_185' title='bbox 671 2449 760 2501; x_wconf 74' lang='lat' dir='ltr'>vel</span> <span class='ocrx_word' id='word_1_186' title='bbox 778 2447 1119 2518; x_wconf 85' lang='lat' dir='ltr'>petiolorum</span> <span class='ocrx_word' id='word_1_187' title='bbox 1158 2445 1381 2498; x_wconf 81' lang='lat' dir='ltr'>basibus</span> <span class='ocrx_word' id='word_1_188' title='bbox 1404 2442 1846 2514; x_wconf 75' lang='lat' dir='ltr'>persistentibus</span> <span class='ocrx_word' id='word_1_189' title='bbox 1870 2442 1998 2495; x_wconf 72' lang='lat' dir='ltr'>lior-</span> 
     </span>
     <span class='ocr_line' id='line_1_27' title="bbox 112 2530 1995 2608; baseline -0.004 -18"><span class='ocrx_word' id='word_1_190' title='bbox 112 2540 291 2604; x_wconf 84' lang='lat' dir='ltr'>ridus,</span> <span class='ocrx_word' id='word_1_191' title='bbox 325 2539 652 2608; x_wconf 81' lang='lat' dir='ltr'>plerumque</span> <span class='ocrx_word' id='word_1_192' title='bbox 687 2546 925 2602; x_wconf 80' lang='lat' dir='ltr'>erectus,</span> <span class='ocrx_word' id='word_1_193' title='bbox 974 2554 1002 2587; x_wconf 93' lang='lat' dir='ltr'>e</span> <span class='ocrx_word' id='word_1_194' title='bbox 1044 2553 1253 2605; x_wconf 82' lang='lat' dir='ltr'>gemma</span> <span class='ocrx_word' id='word_1_195' title='bbox 1301 2532 1594 2603; x_wconf 79' lang='lat' dir='ltr'>terminali</span> <span class='ocrx_word' id='word_1_196' title='bbox 1625 2530 1995 2598; x_wconf 74' lang='lat' dir='ltr'>utplurimum</span> 
     </span>
     <span class='ocr_line' id='line_1_28' title="bbox 113 2619 1994 2693; baseline -0.004 -14"><span class='ocrx_word' id='word_1_197' title='bbox 113 2628 375 2680; x_wconf 85' lang='lat' dir='ltr'>solitaria</span> <span class='ocrx_word' id='word_1_198' title='bbox 403 2630 815 2693; x_wconf 77' lang='lat' dir='ltr'>frondescens3</span> <span class='ocrx_word' id='word_1_199' title='bbox 881 2634 1082 2677; x_wconf 73' lang='lat' dir='ltr'>cortex</span> <span class='ocrx_word' id='word_1_200' title='bbox 1126 2623 1312 2676; x_wconf 85' lang='lat' dir='ltr'>tenuis</span> <span class='ocrx_word' id='word_1_201' title='bbox 1361 2623 1622 2689; x_wconf 61' lang='lat' dir='ltr'>(Allart.),·</span> <span class='ocrx_word' id='word_1_202' title='bbox 1680 2619 1994 2672; x_wconf 80' lang='lat' dir='ltr'>substantia</span> 
     </span>
     <span class='ocr_line' id='line_1_29' title="bbox 111 2707 1997 2786; baseline -0.004 -18"><span class='ocrx_word' id='word_1_203' title='bbox 111 2736 305 2769; x_wconf 80' lang='lat' dir='ltr'>versus</span> <span class='ocrx_word' id='word_1_204' title='bbox 345 2717 733 2786; x_wconf 68' lang='lat' dir='ltr'>peripheriam</span> <span class='ocrx_word' id='word_1_205' title='bbox 776 2716 998 2779; x_wconf 74' lang='lat' dir='ltr'>clarior,</span> <span class='ocrx_word' id='word_1_206' title='bbox 1048 2714 1331 2766; x_wconf 83' lang='lat' dir='ltr'>interdum</span> <span class='ocrx_word' id='word_1_207' title='bbox 1358 2711 1499 2777; x_wconf 84' lang='lat' dir='ltr'>fere</span> <span class='ocrx_word' id='word_1_208' title='bbox 1539 2725 1760 2759; x_wconf 85' lang='lat' dir='ltr'>cornea.</span> <span class='ocrx_word' id='word_1_209' title='bbox 1828 2707 1997 2760; x_wconf 81' lang='lat' dir='ltr'>Folia</span> 
     </span>
     <span class='ocr_line' id='line_1_30' title="bbox 115 2796 1998 2876; baseline -0.008 -15"><span class='ocrx_word' id='word_1_210' title='bbox 115 2807 406 2876; x_wconf 85' lang='lat' dir='ltr'>(frondes)</span> <span class='ocrx_word' id='word_1_211' title='bbox 442 2825 661 2875; x_wconf 83' lang='lat' dir='ltr'>sparsa,</span> <span class='ocrx_word' id='word_1_212' title='bbox 698 2804 823 2857; x_wconf 85' lang='lat' dir='ltr'>basi</span> <span class='ocrx_word' id='word_1_213' title='bbox 855 2804 1115 2874; x_wconf 82' lang='lat' dir='ltr'>vaginali</span> <span class='ocrx_word' id='word_1_214' title='bbox 1143 2803 1419 2855; x_wconf 79' lang='lat' dir='ltr'>caudicem</span> <span class='ocrx_word' id='word_1_215' title='bbox 1451 2798 1607 2849; x_wconf 89' lang='lat' dir='ltr'>circa</span> <span class='ocrx_word' id='word_1_216' title='bbox 1638 2796 1851 2847; x_wconf 87' lang='lat' dir='ltr'>circum</span> <span class='ocrx_word' id='word_1_217' title='bbox 1885 2814 1998 2847; x_wconf 86' lang='lat' dir='ltr'>am-</span> 
     </span>
     <span class='ocr_line' id='line_1_31' title="bbox 112 2886 1995 2966; baseline -0.008 -17"><span class='ocrx_word' id='word_1_218' title='bbox 112 2897 446 2966; x_wconf 76' lang='lat' dir='ltr'>plectentia,</span> <span class='ocrx_word' id='word_1_219' title='bbox 471 2896 760 2965; x_wconf 82' lang='lat' dir='ltr'>pinnatim</span> <span class='ocrx_word' id='word_1_220' title='bbox 803 2893 893 2945; x_wconf 77' lang='lat' dir='ltr'>vel</span> <span class='ocrx_word' id='word_1_221' title='bbox 912 2892 1211 2963; x_wconf 84' lang='lat' dir='ltr'>palmatim</span> <span class='ocrx_word' id='word_1_222' title='bbox 1245 2889 1423 2941; x_wconf 79' lang='lat' dir='ltr'>divisa</span> <span class='ocrx_word' id='word_1_223' title='bbox 1457 2886 1723 2954; x_wconf 78' lang='lat' dir='ltr'>(pinnata</span> <span class='ocrx_word' id='word_1_224' title='bbox 1761 2894 1865 2936; x_wconf 84' lang='lat' dir='ltr'>aut</span> <span class='ocrx_word' id='word_1_225' title='bbox 1885 2887 1995 2952; x_wconf 85' lang='lat' dir='ltr'>fla-</span> 
     </span>
     <span class='ocr_line' id='line_1_32' title="bbox 115 2972 1992 3051; baseline -0.007 -13"><span class='ocrx_word' id='word_1_226' title='bbox 115 2986 458 3050; x_wconf 60' lang='lat' dir='ltr'>bellif&#39;ormia</span> <span class='ocrx_word' id='word_1_227' title='bbox 492 2987 661 3048; x_wconf 80' lang='lat' dir='ltr'>dicta,</span> <span class='ocrx_word' id='word_1_228' title='bbox 698 2982 920 3051; x_wconf 57' lang='grc' dir='ltr'>,ΜΨ-ά),</span> <span class='ocrx_word' id='word_1_229' title='bbox 967 2981 1257 3034; x_wconf 86' lang='lat' dir='ltr'>rarissime</span> <span class='ocrx_word' id='word_1_230' title='bbox 1302 2976 1600 3044; x_wconf 85' lang='lat' dir='ltr'>bipinnata</span> <span class='ocrx_word' id='word_1_231' title='bbox 1633 2972 1720 3025; x_wconf 76' lang='lat' dir='ltr'>vel</span> <span class='ocrx_word' id='word_1_232' title='bbox 1741 2975 1992 3043; x_wconf 85' lang='lat' dir='ltr'>primum</span> 
     </span>
     <span class='ocr_line' id='line_1_33' title="bbox 115 3063 1995 3145; baseline -0.007 -18"><span class='ocrx_word' id='word_1_233' title='bbox 115 3075 414 3145; x_wconf 85' lang='lat' dir='ltr'>simplicia,</span> <span class='ocrx_word' id='word_1_234' title='bbox 469 3075 694 3126; x_wconf 80' lang='lat' dir='ltr'>tardius</span> <span class='ocrx_word' id='word_1_235' title='bbox 731 3071 1134 3143; x_wconf 75' lang='lat' dir='ltr'>pinnatisissa3</span> <span class='ocrx_word' id='word_1_236' title='bbox 1179 3069 1395 3138; x_wconf 81' lang='lat' dir='ltr'>pinnae</span> <span class='ocrx_word' id='word_1_237' title='bbox 1442 3064 1669 3115; x_wconf 85' lang='lat' dir='ltr'>omnino</span> <span class='ocrx_word' id='word_1_238' title='bbox 1715 3063 1995 3115; x_wconf 84' lang='lat' dir='ltr'>discretae</span> 
     </span>
    </p>
   </div>
   <div class='ocr_carea' id='block_1_3' title="bbox 118 3300 1995 3563">
    <p class='ocr_par' dir='ltr' id='par_1_3' title="bbox 118 3300 1995 3563">
     <span class='ocr_line' id='line_1_34' title="bbox 225 3300 1994 3369; baseline -0.008 -14"><span class='ocrx_word' id='word_1_239' title='bbox 225 3313 265 3368; x_wconf 60' lang='grc' dir='ltr'>ο)</span> <span class='ocrx_word' id='word_1_240' title='bbox 298 3311 469 3369; x_wconf 87' lang='lat' dir='ltr'>Corpus</span> <span class='ocrx_word' id='word_1_241' title='bbox 501 3309 839 3367; x_wconf 76' lang='lat' dir='ltr'>cotyledoneum</span> <span class='ocrx_word' id='word_1_242' title='bbox 880 3309 1082 3361; x_wconf 87' lang='lat' dir='ltr'>solidum,</span> <span class='ocrx_word' id='word_1_243' title='bbox 1118 3305 1363 3361; x_wconf 81' lang='lat' dir='ltr'>aequabile,</span> <span class='ocrx_word' id='word_1_244' title='bbox 1400 3302 1619 3346; x_wconf 76' lang='lat' dir='ltr'>blastema</span> <span class='ocrx_word' id='word_1_245' title='bbox 1647 3300 1899 3357; x_wconf 89' lang='lat' dir='ltr'>(plumulam</span> <span class='ocrx_word' id='word_1_246' title='bbox 1925 3313 1994 3342; x_wconf 87' lang='lat' dir='ltr'>ro-</span> 
     </span>
     <span class='ocr_line' id='line_1_35' title="bbox 120 3368 1995 3436; baseline -0.008 -14"><span class='ocrx_word' id='word_1_247' title='bbox 120 3378 393 3436; x_wconf 84' lang='lat' dir='ltr'>stellumque)</span> <span class='ocrx_word' id='word_1_248' title='bbox 427 3378 602 3419; x_wconf 87' lang='lat' dir='ltr'>omnino</span> <span class='ocrx_word' id='word_1_249' title='bbox 632 3377 879 3429; x_wconf 74' lang='lat' dir='ltr'>involvens,</span> <span class='ocrx_word' id='word_1_250' title='bbox 911 3377 1033 3418; x_wconf 86' lang='lat' dir='ltr'>sulco</span> <span class='ocrx_word' id='word_1_251' title='bbox 1064 3373 1348 3416; x_wconf 88' lang='lat' dir='ltr'>subtilissimo</span> <span class='ocrx_word' id='word_1_252' title='bbox 1377 3383 1510 3426; x_wconf 87' lang='lat' dir='ltr'>supra</span> <span class='ocrx_word' id='word_1_253' title='bbox 1534 3368 1749 3425; x_wconf 88' lang='lat' dir='ltr'>plumulae</span> <span class='ocrx_word' id='word_1_254' title='bbox 1783 3368 1995 3410; x_wconf 78' lang='lat' dir='ltr'>verticem</span> 
     </span>
     <span class='ocr_line' id='line_1_36' title="bbox 119 3434 1993 3491; baseline -0.009 -3"><span class='ocrx_word' id='word_1_255' title='bbox 119 3446 260 3491; x_wconf 80' lang='lat' dir='ltr'>hians.</span> <span class='ocrx_word' id='word_1_256' title='bbox 307 3444 505 3488; x_wconf 85' lang='lat' dir='ltr'>Plumula</span> <span class='ocrx_word' id='word_1_257' title='bbox 526 3449 735 3487; x_wconf 84' lang='lat' dir='ltr'>constans</span> <span class='ocrx_word' id='word_1_258' title='bbox 758 3458 814 3487; x_wconf 83' lang='lat' dir='ltr'>ex</span> <span class='ocrx_word' id='word_1_259' title='bbox 835 3442 1063 3485; x_wconf 82' lang='lat' dir='ltr'>eaudieulo</span> <span class='ocrx_word' id='word_1_260' title='bbox 1082 3440 1156 3483; x_wconf 79' lang='lat' dir='ltr'>vix</span> <span class='ocrx_word' id='word_1_261' title='bbox 1178 3439 1352 3481; x_wconf 82' lang='lat' dir='ltr'>evoluto</span> <span class='ocrx_word' id='word_1_262' title='bbox 1370 3436 1714 3478; x_wconf 80' lang='lat' dir='ltr'>verrucaeformi</span> <span class='ocrx_word' id='word_1_263' title='bbox 1750 3441 1794 3478; x_wconf 83' lang='lat' dir='ltr'>et</span> <span class='ocrx_word' id='word_1_264' title='bbox 1822 3434 1993 3489; x_wconf 74' lang='lat' dir='ltr'>vaginis</span> 
     </span>
     <span class='ocr_line' id='line_1_37' title="bbox 118 3499 1994 3563; baseline -0.008 -9"><span class='ocrx_word' id='word_1_265' title='bbox 118 3512 338 3555; x_wconf 90' lang='lat' dir='ltr'>nonnullis</span> <span class='ocrx_word' id='word_1_266' title='bbox 380 3512 556 3563; x_wconf 82' lang='lat' dir='ltr'>elausiS‚</span> <span class='ocrx_word' id='word_1_267' title='bbox 597 3511 718 3553; x_wconf 90' lang='lat' dir='ltr'>illum</span> <span class='ocrx_word' id='word_1_268' title='bbox 760 3511 936 3553; x_wconf 89' lang='lat' dir='ltr'>omnino</span> <span class='ocrx_word' id='word_1_269' title='bbox 982 3506 1299 3563; x_wconf 77' lang='lat' dir='ltr'>obtegentibuS.</span> <span class='ocrx_word' id='word_1_270' title='bbox 1367 3503 1617 3546; x_wconf 84' lang='lat' dir='ltr'>Rostellum</span> <span class='ocrx_word' id='word_1_271' title='bbox 1661 3503 1757 3544; x_wconf 80' lang='lat' dir='ltr'>sive</span> <span class='ocrx_word' id='word_1_272' title='bbox 1798 3499 1994 3542; x_wconf 79' lang='lat' dir='ltr'>radicula</span> 
     </span>
    </p>
   </div>
   <div class='ocr_carea' id='block_1_4' title="bbox 119 3566 1931 3635">
    <p class='ocr_par' dir='ltr' id='par_1_4' title="bbox 119 3566 1931 3635">
     <span class='ocr_line' id='line_1_38' title="bbox 119 3566 1931 3635; baseline -0.008 -15"><span class='ocrx_word' id='word_1_273' title='bbox 119 3580 369 3635; x_wconf 85' lang='lat' dir='ltr'>embryonis</span> <span class='ocrx_word' id='word_1_274' title='bbox 403 3582 618 3632; x_wconf 81' lang='lat' dir='ltr'>conicum,</span> <span class='ocrx_word' id='word_1_275' title='bbox 651 3578 852 3635; x_wconf 77' lang='lat' dir='ltr'>simplex,</span> <span class='ocrx_word' id='word_1_276' title='bbox 886 3575 940 3617; x_wconf 84' lang='lat' dir='ltr'>ad</span> <span class='ocrx_word' id='word_1_277' title='bbox 970 3573 1150 3617; x_wconf 86' lang='lat' dir='ltr'>seminis</span> <span class='ocrx_word' id='word_1_278' title='bbox 1185 3570 1481 3629; x_wconf 80' lang='lat' dir='ltr'>peripheriam</span> <span class='ocrx_word' id='word_1_279' title='bbox 1515 3574 1737 3625; x_wconf 83' lang='lat' dir='ltr'>spectans.</span> <span class='ocrx_word' id='word_1_280' title='bbox 1764 3566 1931 3621; x_wconf 80' lang='lat' dir='ltr'>(Mart.)</span> 
     </span>
    </p>
   </div>
  </div>
 </body>
</html>
